4470 5962
782 518 847 583 DE
882 515 1225 583 SCRIPTORIBUS
1261 515 1428 582 SCOTIS.
1790 520 1834 600 57

385 709 480 793 dere,
510 716 549 781 et
583 705 679 805 quali
707 707 881 806 contagiis
908 705 1136 780 mortalitatis
1167 715 1306 789 exutus,
1335 703 1503 801 angelicis
1531 703 1648 778 choris
1676 700 1839 778 interesse

385 861 641 934 nonnunquam
657 837 847 911 videretur.
899 835 1042 934 Scripsit
1058 836 1153 910 inter
1168 847 1310 911 caetera
1325 835 1408 910 satis
1424 834 1615 933 composrto
1631 836 1800 920 sermone,

535 969 591 1042 De
620 967 723 1042 Locis
751 967 881 1042 Terrae
915 966 1081 1052 sanstae,
1108 967 1168 1042 lib.
1198 989 1223 1041 1.
1255 969 1350 1066 quod
1379 968 1523 1065 quidem
1552 967 1721 1066 scriptum
1750 968 1839 1042 Nor-

585 1098 848 1173 thumbriorum
864 1099 941 1196 regi
958 1098 1141 1196 Alphredo
1158 1101 1277 1175 Notho
1294 1100 1478 1174 dedicavit.

535 1231 591 1306 De
608 1230 689 1306 Situ
706 1229 937 1325 Hiemsalem,
955 1231 1057 1305 lib.1.
1205 1328 1208 1334 Ι

536 1361 591 1436 De
607 1360 778 1436 Paschate
795 1361 964 1459 legitimo,
982 1360 1042 1436 lib.
1060 1383 1085 1434 1.

536 1493 708 1592 Epistulas
725 1517 866 1591 quoque
883 1492 1003 1567 edidit.

387 1627 446 1699 Ab
469 1625 538 1699 hoc
563 1624 701 1699 Bedam
727 1625 843 1699 multa
868 1621 1041 1723 sumpfiffe
1068 1635 1105 1698 et
1132 1622 1200 1698 suis
1226 1625 1326 1701 libris
1348 1624 1532 1701 inseruisse
1560 1627 1719 1701 tradunt.
1770 1626 1840 1700 Na-

291 1734 294 1744 ·
387 1771 490 1834 turae
507 1757 604 1833 cellit
620 1783 714 1834 anno
732 1758 878 1833 Domini
896 1762 967 1834 699
985 1757 1049 1832 sub
1066 1756 1338 1832 Ambirkeletho
1355 1756 1544 1832 Scotorum
1559 1783 1653 1856 rege.

815 2079 819 2089 ’
916 2053 982 2126 DE
1007 2051 1308 2126 MAIDULPHO.

388 2287 630 2361 Manuarnus
650 2285 884 2383 paedagogus,
906 2283 963 2357 vel
988 2282 1225 2381 Maidulphus‚
1250 2283 1386 2370 Scotus,
1409 2285 1464 2358 vir
1485 2284 1628 2382 ingenio
1649 2284 1840 2383 singularis,

387 2419 514 2494 intima
544 2417 724 2516 theologia
757 2417 923 2501 imbutus,
963 2416 1099 2490 Graece
1138 2414 1334 2513 Latineque
1372 2414 1552 2515 insigniter
1589 2417 1726 2502 doctus
1760 2442 1841 2492 cum

388 2551 489 2627 Italis
517 2563 554 2625 et
581 2550 694 2625 Gallis
723 2549 966 2623 Romanarum
988 2546 1275 2623 constitutionum
1300 2547 1492 2622 acerrimus
1522 2547 1683 2623 defensor
1710 2550 1840 2624 extitit.

389 2684 444 2759 De
470 2708 541 2781 quo
570 2680 615 2756 fic
644 2682 753 2755 habet
781 2680 981 2755 Gulielmus
1010 2677 1323 2755 Malmelburienfis
1351 2678 1389 2752 in
1417 2679 1502 2755 Vita
1533 2681 1714 2755 aldhelmi
1743 2681 1842 2780 Epis·

389 2815 499 2913 copi:
545 2812 784 2911 Maidulphus‚
823 2812 948 2910 inquit,
991 2811 1134 2886 natione
1176 2809 1312 2896 Scotus,
1355 2836 1397 2886 ac
1444 2812 1556 2887 studio
1604 2812 1840 2911 philosophus,

389 2945 696 3023 Malmcsburiense
736 2944 946 3020 coenobium
983 2944 1077 3029 secit,
1120 2953 1139 2984 “
1160 2942 1222 3039 qui
1265 2967 1348 3021 cum
1385 2945 1495 3020 natali
1532 2944 1605 3019 solo
1643 2946 1841 3022 voluntario

390 3104 523 3165 carens,
553 3078 638 3152 illuc
670 3078 816 3151 tandem
845 3072 1045 3162 devenisset,
1074 3073 1229 3150 nemoris
1258 3077 1483 3164 amoenitate,
1514 3078 1610 3175 quod
1637 3087 1724 3152 tunc
1752 3088 1842 3153 tem-

390 3211 487 3310 poris
515 3210 553 3283 in
579 3207 788 3282 immensum
813 3231 856 3282 eo
881 3205 950 3279 loci
977 3204 1206 3293 succreverat,
1233 3218 1367 3307 captus,
1394 3211 1612 3286 eremiticam
1641 3211 1751 3287 vitam
1781 3238 1842 3286 ex-

392 3343 515 3419 ercuit.
560 3337 882 3436 Deficientibusque
911 3333 1117 3424 necelsariis,
1146 3337 1321 3415 scholares
1349 3342 1387 3415 in
1417 3343 1662 3442 discipulatum
1695 3347 1840 3444 accepit,

367 3489 431 3552 -ut
465 3501 511 3551 ex
544 3499 668 3576 eorum
700 3471 914 3547 liberalitate
950 3469 1161 3543 tenuitatem
1195 3472 1312 3547 vistus
1344 3475 1547 3573 corrigeret.
1621 3476 1679 3549 Illi
1720 3488 1840 3551 autem

391 3608 604 3710 procedente
632 3616 794 3704 tempore
820 3602 975 3702 magistri
1002 3602 1176 3702 sequaces,
1202 3612 1309 3678 etex
1337 3603 1553 3682 scholaribus
1578 3607 1695 3683 effodi
1720 3634 1841 3686 mona·

393 3739 460 3824 ehi,
485 3738 524 3811 in
547 3745 760 3812 conventum
786 3758 858 3808 non
884 3732 1052 3830 exiguum
1081 3733 1297 3810 coaluerunt.
1349 3737 1489 3811 Horum
1513 3739 1677 3836 exemplo
1700 3752 1737 3815 et
1759 3765 1841 3816 con-

392 3870 499 3946 sortio
512 3868 723 3944 Aldhelmns
739 3866 976 3951 informatus?
989 3874 1055 3938 etc.
1092 3864 1257 3940 Scholam
1274 3865 1384 3965 igitur
1399 3868 1578 3966 pubhcam
1594 3881 1670 3944 tam
1683 3871 1839 3947 Graecae

393 4028 498 4102 quam
528 4001 675 4077 latinae
708 3998 850 4097 linguae
883 3995 1032 4095 aperuit,
1061 4005 1098 4071 et
1125 4006 1222 4071 artes
1254 3998 1428 4098 praelegit
1457 3999 1494 4074 in
1518 4000 1689 4077 coenobio
1717 4004 1839 4078 abeo

365 4135 579 4219 exstrudto,
618 4132 714 4229 quod
748 4132 794 4205 ab
827 4154 870 4204 eo
904 4130 1068 4227 deinceps
1100 4152 1174 4202 una
1206 4153 1288 4203 cum
1320 4131 1409 4205 urbe
1443 4143 1717 4230 cognomentum
1750 4135 1840 4210 acci-

391 4268 500 4368 piens,
530 4261 858 4361 Maildulphelbery‚
888 4261 956 4335 hoc
985 4260 1034 4335 est
1062 4259 1260 4359 Maidulphi
1293 4261 1400 4348 curia,
1432 4287 1527 4337 nunc
1555 4288 1640 4338 vero
1672 4278 1838 4365 corrupte

391 4396 636 4494 Malmelbury,
667 4396 704 4468 in
734 4394 787 4467 rei
813 4393 928 4492 gestae
957 4391 1165 4467 memoriam
1190 4392 1377 4469 diceretur.
1446 4396 1551 4470 Hunc
1580 4396 1837 4496 Maidulphum,

392 4531 485 4606 inter
509 4528 645 4603 nobiles
669 4526 721 4601 sui
748 4526 826 4600 aevi
847 4524 1100 4624 grammaticae
1121 4522 1337 4623 professores
1363 4525 1489 4600 summi
1518 4528 1670 4604 nominis
1691 4530 1838 4605 celebri·

391 4671 475 4745 tate,
501 4668 538 4732 et
562 4657 760 4732 incredibili
784 4656 987 4731 auditomm
1011 4656 1212 4754 frequentia
1235 4658 1430 4745 docentem,
1456 4670 1605 4736 externa
1632 4662 1837 4758 praesertim

386 4792 555 4889 juventus
583 4788 688 4864 effuse
717 4789 923 4875 mirabatur,
956 4812 1038 4862 cum
1067 4812 1113 4862 ex
1139 4787 1253 4863 multa
1280 4788 1435 4865 lectione
1463 4789 1626 4889 felicique
1656 4793 1836 4883 memoria,

1639 4911 1656 4964 1
