4470 5962
526 537 590 603 116
931 538 995 602 DE
1031 535 1373 602 SCRIPTORIBUS
1400 536 1567 603 SCOTlS.

926 949 929 952 ,
990 888 1056 960 DE
1079 886 1266 962 JACOBO
1292 885 1531 961 CRITONIO.

529 1113 698 1189 insonus
731 1115 950 1202 (lnmourus,
978 1141 1109 1216 genere
1138 1127 1176 1191 et
1202 1114 1346 1191 natione
1383 1114 1520 1201 Scotus,
1554 1139 1599 1188 ex
1628 1113 1762 1189 fandis
1792 1114 1978 1201 Clunienfi,

530 1245 567 1318 in
607 1245 761 1344 Angusia
799 1246 974 1347 generosis
1013 1247 1220 1346 parentibus
1260 1256 1369 1331 ortus,
1412 1271 1436 1320 a
1470 1243 1603 1321 teneris
1639 1245 1742 1321 annis
1782 1245 1818 1317 in
1861 1244 1980 1320 schola

531 1376 783 1477 Edinburgena
811 1380 914 1455 bonis
938 1379 1052 1455 literis
1079 1381 1298 1467 informatus,
1326 1391 1364 1455 et
1392 1380 1430 1454 in
1454 1377 1648 1454 Academia
1678 1378 1980 1476 Andreapohtana

530 1506 777 1606 philosophicis
802 1510 922 1585 studiis
948 1511 1114 1585 imbutus.
1165 1511 1354 1607 Postquam
1383 1533 1468 1586 vero
1493 1518 1589 1584 artes
1614 1508 1779 1583 liberales
1803 1533 1848 1583 ex
1877 1519 1980 1607 parte

531 1636 710 1725 didicisset,
733 1641 880 1740 jamque
906 1640 958 1717 sui
981 1642 1074 1741 juris
1098 1641 1203 1739 plane
1228 1641 1354 1727 fastus,
1384 1641 1522 1715 nullum
1549 1637 1727 1737 peculiare
1752 1639 1904 1714 studium
1931 1639 1980 1714 est

530 1765 677 1858 secutus,
704 1771 764 1847 sed
791 1772 886 1872 quali
911 1799 977 1872 per
1000 1774 1120 1855 omnia
1143 1784 1301 1871 vagatus,
1328 1772 1383 1847 uti
1407 1781 1484 1847 erat
1503 1769 1646 1869 juvenis
1669 1770 1874 1867 multiplicis
1898 1771 1981 1846 doc·

529 1899 645 1975 trinae
677 1914 713 1976 et
740 1904 941 1990 memoriae,
968 1905 1197 2003 stupendiqne
1225 1903 1368 2002 ingenii,
1399 1902 1506 1976 modo
1529 1900 1567 1974 in
1591 1900 1841 1999 grammaticis,
1872 1900 1980 1976 modo

531 2031 569 2104 in
602 2034 751 2129 poeticis
785 2047 822 2110 et
856 2037 1051 2122 rhetoricis,
1085 2037 1191 2111 modo
1225 2036 1263 2108 in
1292 2031 1540 2131 philosophicis
1571 2031 1702 2117 studiis,
1732 2042 1770 2106 et
1801 2032 1909 2106 modo
1941 2030 1980 2105 in

531 2160 749 2262 theologicis,
783 2166 818 2241 se
849 2169 1017 2253 exercuit,
1051 2169 1103 2243 ita
1131 2178 1172 2242 ut
1206 2167 1245 2241 in
1277 2164 1374 2239 omui
1406 2187 1536 2264 genere
1568 2162 1793 2237 scientiarum
1827 2159 1980 2237 dostiffi·

531 2315 611 2367 mus
637 2293 839 2370 haberetur.
890 2300 1045 2373 Demum
1073 2297 1283 2397 longinquas
1310 2294 1414 2392 petiit
1442 2294 1613 2392 regiones,
1644 2303 1686 2367 ut
1716 2293 1789 2369 illic
1814 2291 1980 2368 meliores

530 2421 569 2494 in
604 2424 725 2500 studiis
756 2425 955 2527 progressus
986 2429 1140 2515 faceret3
1171 2439 1208 2502 et
1238 2452 1319 2501 cum
1352 2425 1390 2498 in
1422 2424 1548 2510 Gallia,
1582 2423 1783 2508 Germania,
1809 2432 1848 2497 et
1874 2422 1980 2498 Italia

530 2556 827 2653 peregrinaretur,
855 2561 949 2634 inter
975 2585 1098 2635 omnes
1133 2560 1227 2633 viros
1259 2559 1385 2632 nonos
1412 2556 1507 2628 illius
1542 2554 1647 2630 seculi
1672 2548 1981 2652 tanquam'mira·

531 2686 650 2760 culum
684 2688 877 2777 doetrinae,
909 2691 1078 2766 divinitus
1112 2689 1259 2775 missum,
1293 2699 1371 2761 tum
1408 2686 1501 2760 inter
1534 2686 1748 2770 Pontificios,
1775 2695 1853 2759 tum
1886 2685 1981 2759 inter

531 2815 778 2905 Protestantes,
801 2821 945 2897 habitus
971 2822 1029 2896 est.
1085 2821 1170 2895 Vita
1197 2819 1301 2918 ipsius
1326 2821 1371 2892 ab
1401 2818 1494 2892 Aldo
1522 2816 1683 2891 Manutio
1710 2816 1839 2915 scripta
1867 2816 1917 2892 est
1942 2816 2000 2891 in>

530 2947 749 3042 praelatione
783 2951 1126 3026 Commentariorum
1157 2952 1203 3024 ad
1235 2950 1423 3025 Paradoxa
1455 2949 1644 3036 Ciceronis,
1677 2973 1767 3045 quos
1803 2972 1981 3024 commen·

531 3077 642 3150 tarios
667 3079 782 3154 eidem
807 3081 968 3156 Critonio
990 3081 1146 3155 inscribit
1173 3080 1392 3178 dedicatque.
1439 3082 1483 3154 Iu
1505 3082 1634 3155 horum
1654 3079 1802 3155 decursu
1823 3081 1981 3157 carmina

531 3204 681 3281 Critonii
714 3211 885 3284 nonnulla
918 3213 963 3285 ab
993 3210 1178 3284 oblivionis
1211 3211 1339 3309 injuria
1370 3213 1525 3287 vindicat
1558 3212 1749 3299 Manutius,
1781 3236 1864 3286 cum
1896 3213 1981 3287 mir-
2046 3200 2054 3211 ’

532 3335 617 3411 abili
654 3338 718 3414 illo
753 3326 1015 3439 programmate
1057 3341 1167 3414 valvis
1208 3343 1420 3418 Academiae
1456 3345 1649 3418 Patavinae
1683 3346 1799 3431 affixo,
1833 3345 1872 3419 in
1908 3369 1980 3442 quo

532 3468 673 3564 publice
713 3470 749 3545 se
791 3473 920 3547 obtulit
962 3482 1087 3547 contra
1133 3497 1255 3548 omnes
1295 3473 1502 3573 professores
1543 3485 1580 3549 et
1622 3476 1786 3550 doctores
1826 3474 1981 3573 ejusdem

535 3599 747 3688 academiae,
777 3603 849 3677 imo
878 3603 988 3677 totius
1021 3603 1155 3688 ltaliae,
1173 3604 1228 3677 'de
1258 3606 1355 3679 omni
1389 3606 1589 3703 quaestione
1617 3605 1749 3680 artium
1777 3615 1840 3681 aut
1872 3605 1982 3682 scien-

532 3729 664 3804 tiarum
686 3757 767 3806 cum
788 3733 858 3808 illis
881 3732 1055 3808 disserere.
1099 3735 1203 3820 Quod
1227 3738 1344 3833 postea
1363 3738 1482 3834 [fecit]
1502 3738 1540 3810 in
1560 3737 1758 3835 praecipuis
1781 3737 1980 3824 academiis,

533 3862 689 3936 maxime
715 3889 800 3939 vero
827 3866 864 3939 in
890 3864 964 3963 ipsa
993 3866 1156 3938 Romana
1188 3866 1341 3955 civitate,
1370 3868 1612 3965 praesentibus
1636 3868 1813 3968 pontifice,
1843 3870 1981 3944 eandm-

402 4055 404 4059 .
534 3995 658 4082 alibus,
686 3997 843 4082 ducibus
873 3997 1099 4095 principibus,
1133 3997 1278 4096 aliisque
1305 4000 1421 4074 doctis
1450 4001 1543 4086 viris,
1578 4001 1615 4074 in
1645 4026 1717 4099 qua
1744 4011 1882 4075 tantam
1916 4004 1981 4076 ob-

535 4125 643 4201 tinuit
685 4128 835 4214 laudem,
879 4127 1037 4225 gloriam,
1075 4138 1111 4201 et
1147 4129 1343 4214 victoriam,
1382 4141 1423 4204 ut
1459 4156 1482 4205 a
1516 4132 1699 4206 Clemente
1736 4133 1873 4207 Ostavo
1913 4157 1980 4231 pro

536 4259 736 4334 admirabili
769 4259 873 4357 ipsius
910 4258 1052 4356 ingenio
1085 4271 1122 4333 et
1159 4261 1331 4346 dobtrina,
1371 4263 1638 4335 commendatus
1679 4262 1787 4336 suerit
1827 4264 1979 4364 principi

536 4402 572 4465 et
607 4391 688 4464 duci
722 4392 766 4465 de
799 4391 956 4476 Mantua,
984 4392 1030 4464 ad
1060 4390 1174 4464 filium
1206 4390 1307 4465 snum
1340 4393 1590 4467 instituendum
1623 4393 1661 4466 in
1693 4393 1791 4467 omni
1820 4396 1979 4492 politiori

535 4522 707 4598 dostrina
759 4525 792 4597 A
818 4547 889 4619 quo
911 4522 1029 4620 postea
1052 4523 1090 4595 in
1112 4523 1290 4597 noema
1314 4524 1466 4621 quadarn
1486 4524 1736 4610 ambulatione,
1763 4526 1858 4623 quod
1882 4551 1979 4602 ama-

534 4655 618 4729 fiam
643 4653 812 4751 principis
836 4652 1022 4750 deperiret,
1049 4653 1237 4727 infeliciter
1258 4653 1311 4727 est
1333 4655 1541 4730 interfestus
1562 4656 1601 4729 in
1626 4656 1753 4730 aetatis
1776 4658 1857 4732 suae
1878 4659 1977 4746 flore,

533 4810 615 4862 cum
654 4785 715 4861 vix
748 4784 964 4885 trigesimum
1002 4783 1171 4884 attigisset
1211 4810 1353 4862 annum.
1401 4788 1517 4886 ,Ejus
1558 4788 1692 4886 effigies
1729 4789 1767 4864 in
1804 4789 1979 4868 Vaticana
