4470 5962
466 501 510 582 76
870 502 936 567 DE
971 500 1317 568 SCRIPTORIBUS
1351 500 1520 566 scorls.

469 702 526 766 ter
558 688 750 765 monachos
782 688 964 766 candidae
995 687 1105 766 Casae
1140 699 1181 766 et
1215 688 1483 788 Dryburgcnses
1515 687 1652 764 didicit.
1727 689 1809 764 Post
1835 690 1938 789 jaer

470 824 606 922 optima
633 820 828 897 studiorum
853 821 1089 897 timdsmenta
1118 821 1157 897 in
1189 820 1307 898 schola
1339 821 1466 921 patria
1492 821 1752 897 monachorum
1779 823 1938 900 claustris

360 1034 363 1040 ,
470 954 616 1041 relietia
641 955 690 1030 ad
715 953 895 1030 Oxonium
919 952 955 1029 se
986 953 1138 1029 contulit
1165 953 1204 1028 in
1231 955 1374 1055 anglia
1403 954 1467 1030 nbi
1490 954 1607 1053 prima
1630 954 1873 1055 philosophiae
1898 969 1938 1032 et

472 1087 670 1164 matheseos
699 1087 878 1163 elementa
906 1087 1022 1163 obiter
1048 1096 1192 1164 tantm
1223 1088 1405 1188 gnstavit3
1435 1111 1522 1162 mox
1553 1087 1784 1163 Germaniam
1819 1089 1939 1164 versus

473 1223 543 1296 iter
576 1221 735 1308 instituit,
766 1245 833 1295 neo
861 1220 923 1295 diu
947 1220 1000 1294 ibi
1028 1220 1207 1309 substitit3
1236 1221 1448 1297 celebriores
1475 1229 1622 1296 tuntum
1645 1221 1847 1298 academias
1873 1246 1940 1322 pes

474 1355 568 1429 vices
602 1353 853 1454 frequentavit
888 1379 954 1430 nec
990 1380 1015 1430 a
1051 1354 1232 1431 laboribus
1264 1353 1341 1428 ludi
1372 1352 1523 1429 liberarii
1557 1363 1595 1428 et
1629 1352 1808 1429 exercitiis
1839 1353 1939 1430 scho-

475 1485 601 1562 lustitia
624 1486 762 1562 interea
781 1483 933 1561 cessavit
983 1485 1121 1561 Deinde
1141 1483 1371 1561 Parifiensem
1391 1484 1622 1561 maantam
1642 1485 1763 1574 adivit,
1783 1496 1821 1561 et
1842 1488 1939 1586 quod

474 1619 652 1717 reliquum
681 1628 760 1695 erat
789 1618 883 1693 vitae
908 1619 949 1692 iu
977 1618 1099 1694 studiis
1125 1617 1366 1718 philosophiae
1396 1627 1434 1693 et
1461 1618 1802 1695 mthematicarum
1829 1617 1940 1695 scien-

475 1751 607 1827 tiarum
631 1751 770 1827 ibidem
799 1749 975 1826 contrivit
1038 1751 1219 1826 liberales
1244 1761 1340 1825 artes
1367 1760 1405 1826 et
1430 1773 1537 1826 omne
1561 1750 1803 1850 philosophiae
1827 1775 1942 1851 genus

477 1894 640 1960 accurate
673 1884 816 1959 tenuit:
852 1881 1025 1958 mathefin
1047 1881 1210 1982 inprimis
1238 1893 1314 1958 tam
1343 1883 1511 1982 expedito
1544 1882 1755 1984 cognitionis
1782 1881 1938 1960 successu

477 2018 597 2104 coluit,
630 2026 673 2092 ut
706 2015 911 2122 exemplum
951 2039 1044 2114 pene
1076 2014 1287 2091 inimitabile
1327 2015 1474 2115 posteris
1507 2014 1544 2091 se
1576 2017 1809 2104 exhibuerit;
1849 2019 1942 2117 poll·

478 2148 597 2246 positis
631 2146 726 2222 enim
760 2146 925 2222 omnibus
956 2146 1035 2221 aliis
1067 2145 1229 2233 scientiis,
1262 2144 1442 2223 novissime
1474 2147 1746 2223 mathematicas
1777 2148 1942 2225 scientiae

479 2280 582 2354 unice
616 2278 735 2358 coluit.
795 2277 889 2352 Hinc
919 2275 1116 2353 Parifienlis
1149 2278 1368 2355 Universrtaa
1395 2305 1479 2354 eum
1510 2278 1705 2380 insignibus
1735 2281 1943 2381 magisteriis

480 2437 552 2487 non
587 2411 766 2487 immerito
799 2411 948 2487 ornavit.
1008 2425 1028 2454 “
1046 2412 1270 2488 contendere
1308 2412 1453 2511 quidem
1485 2411 1591 2488 multi
1620 2423 1658 2488 et
1686 2413 1855 2500 strenue?
1889 2413 1943 2490 in·

480 2545 559 2642 quit
592 2543 778 2631 lelandus,
813 2542 988 2642 “scopum
1017 2545 1062 2619 ab
1092 2568 1135 2618 eo
1168 2541 1388 2642 propositum
1420 2544 1636 2644 contingere,
1662 2555 1703 2621 at
1729 2546 1850 2621 nullus
1881 2545 1944 2622 ad-

479 2679 551 2754 huc
587 2679 753 2753 inventus
790 2676 848 2764 est,
889 2675 951 2774 qui
983 2676 1125 2751 laudem
1167 2701 1249 2751 cum
1288 2700 1332 2750 eo
1368 2701 1493 2775 parem
1524 2679 1625 2753 reae
1658 2676 1722 2754 sibi
1759 2676 1943 2754 vindicet?

482 2811 602 2898 Quare
635 2832 701 2883 neo
734 2806 863 2907 injuria
891 2806 1052 2904 inprimis
1085 2807 1160 2906 ejus
1194 2806 1353 2906 Sphaera
1383 2811 1431 2884 ab
1461 2808 1627 2884 omnibus
1658 2809 1851 2885 academiis
1882 2833 1945 2909 ap-

482 2945 664 3041 probatur,
694 2939 866 3038 recipitur
894 2940 940 3014 ab
970 2939 1065 3013 illius
1093 2939 1259 3015 scientiae
1290 2936 1549 3038 professoribus,
1579 2941 1774 3040 quaeritur,
1804 2942 1945 3030 teritur,

483 3073 710 3172 praelegitur,
743 3071 817 3146 imo
850 3080 887 3145 et
920 3070 1083 3169 plurimis
1116 3072 1304 3147 dostorum
1337 3073 1600 3150 commentariis
1636 3074 1839 3149 illustratur.
1901 3077 1945 3151 In

483 3207 559 3304 ejus
584 3204 782 3303 Sphaeram
807 3200 941 3301 seipsa
970 3204 1029 3277 Fr.
1056 3204 1247 3302 &pannus
1275 3215 1313 3280 et
1343 3204 1512 3282 Erasmm
1540 3207 1732 3294 oswaldus,
1756 3208 1847 3282 item
1869 3232 1946 3284 ma-

484 3335 669 3413 thematici
686 3334 793 3410 multi
821 3332 1031 3410 Parifienses
1054 3360 1152 3409 anno
1177 3336 1322 3411 Domini
1347 3342 1465 3426 1516;
1496 3339 1585 3415 item
1609 3340 1774 3440 magister
1798 3340 1947 3416 Maurus

486 3469 714 3547 Florennnn
757 3466 892 3554 Ieme,
933 3468 1032 3543 Elius
1074 3469 1242 3558 Venetus,
1285 3470 1456 3547 Albertus
1498 3472 1632 3561 Heron,
1673 3473 1946 3573 Christophorue

487 3603 639 3689 Clavius,
677 3601 817 3676 Pierius
852 3600 1071 3687 Valerianus,
1105 3601 1236 3678 Petrus
1268 3603 1415 3681 Nouius
1475 3607 1589 3681 Porro
1621 3605 1833 3682 sufficientes
1865 3608 1948 3684 doc-

487 3737 603 3853 trinae
620 3735 696 3834 ejus
712 3733 845 3808 indices
862 3733 1035 3808 habemus
1051 3759 1124 3809 non
1140 3759 1271 3833 paucas
1286 3737 1443 3812 eruditas
1459 3736 1725 3816 lucubrationes
1738 3766 1746 3812 :

638 3866 693 3941 De
710 3866 870 3964 Sphaera
885 3865 1021 3952 Mundi,
1037 3866 1142 3942 libr.

637 3999 693 4073 De
710 3997 917 4084 Astrolabio‚
935 3997 995 4072 lib.
1013 4020 1038 4071 1.

640 4130 696 4205 De
712 4128 810 4205 Anni
824 4128 1001 4216 Ratione;
1016 4128 1095 4216 live,
1113 4130 1329 4228 Computurn
1346 4131 1631 4219 Eoelessfficum,
1646 4132 1707 4208 lib.
1725 4154 1749 4206 1.

641 4263 697 4340 De
711 4260 923 4363 Algorismo‚
939 4262 1043 4337 libr.

560 4405 562 4408 ’
641 4393 865 4472 Breviorium
879 4394 990 4483 Jurie,
1006 4393 1067 4470 lib
1085 4416 1110 4469 1.

644 4529 699 4604 De
714 4529 895 4629 Computa
911 4527 1161 4604 Feclefiastico.

496 4667 616 4763 naqa
640 4662 712 4739 oa
736 4663 849 4762 prm
913 4661 989 4738 sun
1015 4661 1221 4738 nanno
1245 4661 1411 4738 annu
1436 4660 1537 4749 vuit,
1561 4685 1658 4738 um
1687 4659 1814 4738 mie
1842 4636 1990 4737 unu.⁸

24 5120 317 5608 δή
