4448 5964
796 520 862 584 Dr:
898 518 1241 586 SCRIPTORIBUS
1275 520 1444 586 SOOTIS.
1808 522 1851 601 75

387 704 578 780 doetrinae
612 731 743 805 genere
776 705 1059 793 literatiffimum,
1088 718 1197 807 atque
1226 707 1320 783 hisce
1353 708 1518 782 omnibus
1551 707 1752 782 nominibus
1785 709 1850 781 im-

387 846 534 935 perator
563 836 773 913 Fredericus
804 839 988 914 Secundus
1017 864 1101 914 eum
1127 839 1166 915 in
1194 840 1329 916 deliciis
1358 839 1493 915 habuit.
1544 839 1758 938 Comparate
1787 867 1850 914 au·

385 979 462 1042 tem
500 970 688 1044 uoaamm
727 970 929 1070 linguarum
968 971 1180 1070 cognitione,
1222 969 1508 1069 interpretationi
1546 968 1582 1044 se
1624 970 1847 1057 consecravit,

386 1126 458 1198 qua
481 1111 595 1199 parte,
620 1102 763 1202 Rogero
788 1104 930 1178 Baoone
955 1103 1051 1190 teste,
1078 1106 1190 1179 bonas
1213 1113 1309 1178 artes
1334 1126 1406 1177 non
1435 1101 1663 1176 mediocriter
1688 1103 1847 1199 juvabat.

386 1232 577 1307 Caeterum
609 1234 705 1310 hunc
734 1234 946 1311 Michaelem
975 1233 1044 1310 suis
1074 1236 1293 1334 temporibus
1323 1235 1417 1309 inter
1451 1234 1540 1309 alios
1569 1233 1713 1311 summis
1746 1260 1848 1310 orna·

387 1366 474 1440 bant
503 1365 669 1442 laudibus
691 1367 850 1444 Joannes
878 1368 986 1444 Picus
1009 1367 1232 1444 Mirandulae
1260 1391 1387 1452 comes,
1413 1366 1694 1465 symphorianus
1719 1368 1847 1442 Cham-

385 1496 514 1595 perius,
544 1499 731 1574 cornelius
756 1500 925 1600 Agrippa,
953 1500 1021 1574 viri
1047 1500 1212 1576 doctrina
1236 1499 1394 1599 inlignes.
1446 1497 1681 1574 Penitiffimos
1707 1500 1845 1598 magiae

384 1628 535 1707 recellere
563 1631 749 1706 dicebatur
774 1632 931 1708 maximo
960 1633 1120 1708 omnium
1145 1634 1285 1732 stupore
1314 1629 1501 1730 indagatio,
1528 1642 1570 1706 ut
1600 1633 1650 1717 fit,
1682 1642 1722 1705 ut
1749 1635 1844 1730 apud

384 1764 512 1863 vulgus
540 1765 824 1840 necromanticus
854 1766 1056 1841 haberetur.
1118 1765 1190 1840 Sed
1216 1765 1391 1863 optimum
1419 1763 1579 1838 omnium
1606 1763 1842 1838 testimonium

385 1897 608 1994 praebebunt
623 1894 686 1972 sua
702 1921 833 1996 opera3
851 1898 946 1973 inter
962 1923 1063 1995 quae,
1081 1897 1170 1974 haec
1186 1896 1328 1994 accipe:

535 2028 591 2103 De
606 2026 864 2103 Constitutione
880 2029 1016 2115 Mundi,
1034 2029 1094 2105 lib.
1112 2051 1165 2103 ru.

535 2161 579 2234 In
596 2159 794 2236 Aristotelis
809 2161 948 2247 Ethica,
966 2162 1027 2238 lib.
1044 2184 1083 2236 x.

536 2292 579 2365 In
596 2290 750 2394 ejusdem
767 2292 937 2380 Meteora,
954 2294 1015 2368 lib.
1033 2315 1086 2367 Ν.

535 2423 591 2498 De
607 2422 840 2511 Animalibus,
857 2426 905 2500 ad
922 2426 1116 2511 Caesarem,
1133 2425 1193 2498 lib.

533 2557 588 2632 De
605 2557 738 2633 Somno
755 2569 792 2633 et
809 2559 949 2658 Vigilia,
966 2560 1027 2634 lib.

534 2688 712 2788 imagines
728 2689 997 2778 Astronomioas,
1013 2690 1074 2764 lib.

532 2821 588 2896 De
605 2820 717 2897 Sensu
734 2833 772 2898 et
790 2822 947 2910 Senl'ato,
965 2825 1025 2898 lib.
1043 2844 1083 2896 11.

534 2954 589 3028 De
607 2954 861 3041 Chiromantia,
879 2955 939 3031 lib.

532 3085 587 3160 De
604 3085 723 3185 Signis
739 3086 978 3174 Planetarum,
996 3098 1063 3164 etc.

383 3218 536 3294 Caetera
567 3216 648 3293 vide
680 3217 719 3292 in
746 3217 918 3318 catalogo
950 3219 1067 3295 nostro
1100 3219 1323 3318 Scriptomm
1356 3216 1545 3294 Scotorum
1579 3241 1670 3316 quae
1704 3226 1838 3302 extem,

382 3374 468 3426 nom
492 3373 608 3448 neque
632 3349 753 3425 omnia
777 3375 868 3447 quae
893 3349 932 3424 in
960 3374 1000 3425 re
1028 3350 1269 3450 philosophica
1292 3347 1434 3448 scripit,
1460 3373 1527 3425 nec
1551 3374 1643 3448 quae
1668 3350 1712 3424 de
1738 3349 1838 3423 theo-

383 3481 506 3582 logicis
535 3481 728 3581 mysteriois
756 3482 917 3557 exaravit
947 3482 1022 3558 ulla
1050 3481 1290 3559 inveniuntur.
1361 3480 1501 3558 Glaruit
1531 3505 1625 3557 anno
1654 3482 1837 3580 postquam

382 3617 542 3690 Verbum
559 3639 641 3690 cero
658 3615 793 3692 neum
810 3614 859 3690 est
875 3614 1221 3701 mansuetorum
1238 3612 1377 3690 Baliolo
1394 3613 1583 3689 Scotomm
1600 3638 1693 3712 rege.

792 3911 859 3987 DE
882 3911 1074 3987 JOANNE
1099 3910 1421 3988 SACROBOSCO.

380 4142 557 4217 Josuuns
575 4172 578 4177 ·
599 4141 871 4228 Snoaonoeous,
913 4142 1002 4218 alias
1035 4141 1189 4231 llalilax,
1229 4144 1317 4219 item
1352 4145 1397 4219 de
1432 4143 1653 4229 Sacrobosco
1688 4144 1756 4228 vel,
1794 4153 1835 4217 ut

381 4276 491 4352 habet
519 4272 628 4349 editio
657 4272 879 4359 Colonienhs
914 4274 958 4349 de
993 4272 1218 4363 Sacrobul'co,
1249 4275 1389 4352 Scotice
1421 4274 1522 4352 sonat
1555 4274 1783 4374 Halywoode
1812 4301 1836 4350 a

382 4411 460 4485 loco
484 4409 595 4485 natali
623 4408 793 4484 nimirum
822 4407 867 4483 lic
896 4408 1023 4494 dietus,
1054 4406 1149 4506 apud
1181 4404 1380 4505 Brigantes,
1404 4406 1473 4481 hoc
1499 4405 1558 4493 est,
1587 4403 1833 4491 Gallovidiam,

383 4541 421 4614 in
446 4541 606 4617 Candida
630 4540 728 4628 Casa,
755 4540 929 4640 originem
955 4540 1096 4628 ducens,
1124 4547 1162 4614 et
1185 4537 1319 4614 ibidem
1343 4536 1524 4636 usquead
1543 4537 1771 4636 juventutem
1797 4539 1836 4610 in

382 4673 485 4749 bonis
513 4671 626 4751 literis
651 4682 688 4749 et
711 4672 780 4772 piis
803 4672 962 4749 moribus
990 4672 1131 4771 egregie
1160 4671 1348 4758 institutus,
1378 4669 1605 4747 humaniores
1633 4669 1755 4748 literas
1782 4670 1836 4745 in-
