4470 5962
547 517 588 579 10
951 510 1016 578 DE
1050 514 1393 584 SCRIPTORIBUS
1426 514 1596 582 SCOTIS.

697 703 833 778 Contra
849 704 1030 778 Articulos
1047 703 1205 788 Wiolevi,
1222 703 1282 778 lib.
1300 726 1324 776 1.

551 834 689 908 Floruit
717 860 811 957 anno
841 835 1021 910 Inearnati
1050 834 1160 909 Verbi
1189 835 1294 919 1370,
1325 837 1409 910 dum
1441 859 1590 932 regnum
1622 836 1763 910 Sootiae
1788 837 2005 934 gubernaret

552 967 666 1040 David
683 992 747 1040 rex
765 969 956 1042 Secundum

997 1264 1063 1337 DE
1103 1262 1273 1337 THOMA
1311 1261 1555 1336 BRUNAEO.

554 1495 714 1568 Tnouee
739 1495 950 1569 Bauneeue
975 1495 1112 1580 Suetus,
1138 1493 1184 1567 ad
1210 1494 1419 1567 Dunburum
1445 1504 1559 1580 natue,
1586 1495 1704 1592 pellea
1730 1494 1767 1566 in
1793 1493 1924 1590 Anglia
1945 1493 2007 1566 diu

554 1639 800 1712 commoratus,
834 1627 989 1701 maxime
1029 1624 1189 1709 Londini,
1227 1648 1293 1721 per
1330 1646 1453 1698 omnes
1486 1623 1670 1699 literarum
1703 1625 1835 1723 gradus
1867 1623 2006 1707 Oxonii,

554 1759 680 1873 deinde
711 1759 850 1833 Pariliis
879 1757 1144 1842 conscendebat,
1172 1757 1218 1830 ad
1250 1755 1484 1830 imitationem
1511 1757 1661 1832 «loannis
1690 1757 1797 1841 souti,
1824 1757 1936 1829 donee
1961 1756 2007 1829 ad

554 1891 752 1988 supremam
783 1891 820 1964 in
846 1891 1029 1987 theologia
1052 1890 1210 1962 lauream
1237 1886 1495 1961 conscenderet.
1546 1888 1702 1962 Tandem
1732 1913 1778 1962 ex
1802 1888 1919 1963 Gallia
1943 1911 2007 1984 per

556 2023 722 2122 Angliam
765 2023 814 2127 in*
841 2022 998 2096 Scotiam
1042 2022 1111 2096 iter
1145 2021 1303 2105 tendens,
1346 2023 1391 2095 ab
1434 2021 1687 2097 Oxonienlibus
1722 2023 1768 2096 ed
1805 2021 2005 2119 theologiae

555 2155 732 2252 publicam
771 2150 1017 2253 proseffionem
1053 2152 1303 2250 suscipiendam
1336 2153 1384 2227 ell
1418 2164 1573 2239 vocatus,
1616 2155 1712 2252 quod
1753 2176 1883 2227 munus
1923 2177 2004 2226 oum

556 2313 685 2385 magno
714 2287 918 2361 auditorum
953 2284 1122 2384 applausu
1151 2295 1189 2357 et
1216 2285 1470 2382 approbatione
1499 2285 1618 2360 obivit.
1682 2287 1845 2371 Demum,
1879 2284 2006 2359 renea

556 2416 772 2516 professione,
799 2419 845 2493 ad
871 2417 1069 2515 Collegium
1099 2415 1381 2502 Carmelitarum,
1409 2418 1470 2492 ubi
1499 2429 1582 2491 ante
1609 2418 1749 2504 studuit,
1777 2417 1887 2504 adiit;
1916 2417 2005 2490 adeo

556 2551 613 2649 pie
654 2551 806 2624 modeste
841 2562 877 2625 et
912 2550 1024 2625 sobrie
1057 2549 1107 2622 ibi
1139 2547 1238 2632 vixit,
1273 2556 1315 2620 ut
1346 2549 1490 2622 tandem
1526 2548 1665 2646 praeses
1697 2549 1921 2646 provincialis
1952 2548 2005 2622 sui

557 2682 689 2755 ordinis
712 2680 910 2755 declaratus
932 2678 982 2753 fit.
1035 2678 1133 2752 Haec
1155 2703 1245 2774 quae
1267 2676 1461 2775 sequuntur
1482 2680 1609 2778 scripta
1630 2680 1824 2779 posteritati
1841 2679 2004 2777 reliquit:

671 2853 677 2864 ·
707 2813 878 2885 lebburas
894 2809 1116 2907 Theologiae,
1133 2808 1193 2882 lib.
1211 2830 1250 2881 11.

707 2942 918 3016 Enoomium
937 2941 972 3015 S.
991 2941 1204 3038 Scripturae,
1221 2940 1281 3014 lib.
1299 2962 1323 3013 1.

708 3072 751 3148 In
768 3074 958 3172 Epillolam
975 3070 1078 3146 Pauli
1093 3072 1140 3145 ad
1156 3072 1346 3157 Romanos,
1364 3071 1424 3146 lib.
1442 3093 1466 3144 1.

709 3207 752 3278 In
770 3203 999 3302 Prophetiam
1016 3201 1224 3276 Hieronimi.

711 3336 837 3410 Varios
853 3333 1043 3410 Sermonae
1058 3332 1103 3408 de
1119 3335 1301 3432 Tempore,
1319 3334 1378 3409 lib.
1397 3356 1437 3407 11.

711 3468 937 3556 Quaestiones
952 3467 1076 3553 varias,
1094 3466 1153 3542 lib.
1171 3486 1211 3539 11.

562 3603 716 3676 Demurn
743 3599 892 3674 londini
919 3600 956 3674 in
980 3596 1043 3674 suo
1068 3599 1240 3674 ooenobio
1267 3597 1378 3672 vitam
1406 3620 1488 3671 erum
1516 3609 1631 3672 morte
1660 3601 1890 3673 eommutavit
1915 3624 2008 3675 anno

563 3736 669 3815 1380,
687 3743 857 3830 regnante
874 3733 1034 3806 Roberto
1050 3732 1202 3807 seeundo
1217 3731 1295 3828 ejue
1309 3728 1463 3804 neminie
1476 3730 1514 3803 iu
1532 3729 1660 3804 Scotia

959 4022 1025 4098 DE
1062 4022 1289 4098 ROBERTO
1327 4022 1620 4101 HAMILTONO.

565 4261 770 4335 Roamm
794 4253 1057 4341 Hnmtronoe,
1087 4276 1132 4329 ex
1158 4255 1282 4331 illustri
1307 4267 1344 4332 et
1368 4257 1478 4332 nobili
1504 4258 1790 4332 Humiltouorum
1815 4259 1950 4334 familia
1972 4261 2009 4334 in

566 4391 686 4465 Seotia
718 4388 896 4473 oriundus,
931 4387 1220 4462 Praedicatorum
1252 4387 1288 4462 S.
1329 4389 1505 4462 Dominiei
1544 4390 1582 4463 in
1623 4390 1792 4465 coenobio
1826 4390 2011 4465 Palletenfi

565 4523 767 4606 monachus,
800 4520 919 4619 postea
950 4519 988 4592 in
1021 4519 1156 4594 Galliae
1186 4519 1438 4607 honestetavit
1477 4522 1538 4596 ubi
1576 4521 1637 4596 diu
1678 4544 1759 4596 oum
1801 4523 2012 4597 Sorbonistis

565 4654 771 4730 demonibus
798 4652 836 4724 in
865 4651 1058 4726 Academia
1085 4650 1263 4726 Parifienli
1293 4676 1437 4750 operam
1466 4654 1666 4753 theologiae
1692 4657 1843 4730 navavit.
1908 4656 2011 4729 Unde

565 4788 683 4886 postea
698 4783 835 4882 seriptis
850 4782 1029 4869 commilit,
