4470 5962
792 523 857 586 DE
893 522 1236 591 SCRIPTORIBUS
1271 526 1439 593 SGOTIS.

541 709 725 784 Summam
742 710 852 784 totius
869 711 1091 809 Theologiae,
1109 711 1168 787 lib.
1187 734 1212 785 1.

540 840 728 914 Lectiones
743 841 981 927 scholasticas,
998 842 1059 916 lib.
1077 865 1101 917 1.

540 971 674 1045 Contra
690 972 914 1058 Wiclevistas,
931 974 991 1048 lib.
1009 996 1034 1047 1.

388 1099 525 1177 Clanrit
562 1126 656 1179 anno
704 1101 848 1179 Domini
884 1108 990 1189 1390,
1027 1105 1187 1181 Roberto
1219 1109 1340 1182 Tertio
1378 1109 1537 1206 regimen
1577 1109 1765 1185 inchoante
1800 1111 1837 1184 in

390 1231 518 1309 Sootia

870 1529 937 1601 DE
961 1527 1132 1602 THOMA
1158 1530 1354 1604 AGNINO.

388 1757 547 1830 Tnomne
574 1758 759 1842 Aonnroo,
788 1757 931 1831 natione
948 1758 1083 1844 scotor,
1110 1757 1317 1856 proseffione
1349 1759 1551 1844 carmelita,
1585 1761 1712 1835 doctor
1735 1760 1836 1835 theo-

388 1890 511 1988 logiae,
543 1900 581 1967 et
608 1885 777 1986 professor
814 1889 852 1962 in
880 1890 1006 1965 eadem
1033 1891 1211 1975 facultate,
1241 1892 1341 1988 quus
1374 1891 1469 1967 fama
1502 1891 1692 1967 illustribus
1732 1892 1837 1990 scrip·

388 2020 525 2097 toribus
563 2019 601 2093 in
630 2020 762 2097 exteris
800 2019 1002 2096 nationibus
1040 2045 1112 2093 non
1148 2021 1295 2098 obscura
1328 2022 1405 2096 fuit.
1458 2023 1549 2097 Nam
1584 2023 1730 2109 Bestius,
1761 2024 1836 2098 Tri-

388 2153 552 2238 themine,
583 2151 762 2238 Hesartus,
791 2162 828 2227 et
865 2153 935 2238 alii,
974 2177 1046 2226 non
1080 2153 1244 2227 dubitant
1273 2177 1356 2227 eum
1384 2152 1599 2249 optimorum
1629 2151 1837 2251 scriptorum

387 2285 548 2383 catalogo
564 2284 773 2364 inscribere:
810 2284 866 2359 vir
893 2295 990 2361 certe
1016 2309 1089 2360 non
1115 2284 1252 2382 vulgari
1280 2283 1444 2359 doctrina
1469 2283 1668 2370 instructus,
1686 2293 1723 2357 et
1748 2285 1837 2359 reris

387 2416 577 2491 virtutibus
620 2425 657 2488 et
699 2415 915 2489 ornamentis
956 2413 1147 2513 insignitus,
1188 2426 1313 2489 acutus
1354 2426 1630 2514 argumentator,
1669 2427 1706 2491 et
1757 2441 1836 2491 eru-

392 2548 487 2622 ditus
502 2547 739 2623 concionator.
791 2545 933 2644 Scripsit

537 2677 739 2751 Sententiae
755 2676 931 2773 quasdam,
949 2677 1009 2751 lib.
1027 2699 1051 2751 1.

535 2809 763 2896 Quaestiones
779 2809 982 2895 ordinariae
999 2809 1058 2885 lib.
1076 2831 1101 2882 1.

537 2940 859 3015 Determinationcs
875 2940 1097 3039 Theologiae,
1115 2940 1174 3015 lib.
1192 2961 1218 3013 1.

536 3073 707 3146 Lecturas
724 3071 761 3143 in
779 3072 903 3144 Sacros
920 3072 1065 3157 literas,
1083 3072 1143 3147 lib.
1161 3093 1186 3143 1.

536 3201 670 3274 Contra
686 3200 869 3274 Lollardos
886 3201 1110 3286 Wiclevistaa
1127 3201 1187 3275 lib.
1205 3224 1229 3274 1.

539 3333 594 3405 De
611 3332 858 3405 incarnatione
876 3332 994 3416 Verbi,
1013 3333 1072 3406 lib.
1090 3355 1114 3405 1.

539 3464 727 3537 Sermones
742 3487 808 3560 per
824 3462 979 3536 Annum.

386 3595 524 3672 Olnruit
552 3595 646 3669 circa
673 3621 806 3671 annum
836 3595 980 3669 Domini
1009 3596 1104 3694 apud
1133 3595 1480 3682 Oxoniensea1390,
1517 3599 1676 3671 Roberto
1717 3598 1837 3673 Tertio

387 3728 547 3826 regimen
563 3728 751 3803 inchoante
768 3727 863 3826 apud
880 3728 1014 3801 Scotoo.
1063 3794 1069 3809 ,

794 4024 860 4096 DE
885 4022 1059 4097 ADAMO
1085 4021 1419 4099 SOHOLASTICO.

388 4258 553 4331 Manus
598 4256 887 4340 Sononnsrrone
930 4279 1037 4352 quem
1082 4253 1143 4331 alii
1193 4262 1321 4350 putant
1350 4252 1585 4327 Balendinum
1624 4252 1832 4350 cognomine

387 4385 496 4473 firiise,
526 4388 689 4486 magister
728 4398 765 4463 et
798 4388 925 4463 doctor
965 4387 1003 4461 in
1041 4385 1230 4484 theologia,
1270 4382 1408 4461 Parisiis
1444 4384 1575 4459 studuit
1612 4383 1833 4461 scholasticae

387 4518 596 4617 theologiae,
626 4520 752 4599 deinde
790 4518 943 4593 scholam
980 4516 1129 4614 apermt,
1164 4517 1202 4591 in
1239 4540 1310 4615 qua
1346 4515 1549 4591 auditorum
1585 4540 1667 4589 cum
1705 4539 1835 4612 magna
1867 4546 1870 4553 ·

387 4651 491 4727 laude
521 4651 650 4727 docuit
711 4651 810 4724 Haec
838 4673 951 4748 panca
975 4649 1069 4725 inter
1090 4648 1161 4725 alia
1175 4647 1290 4729 multa
1311 4670 1402 4744 quae
1433 4642 1627 4722 doctissime
1652 4643 1834 4743 scripserat
1960 4745 1964 4754 1

388 4780 582 4877 posteritati
595 4780 863 4859 commendavit.
