4448 5964
776 509 841 575 DE
879 507 1223 577 SCRIPTORIBUS
1256 508 1425 575 SCOTIS.

533 699 589 774 De
606 699 783 797 Computo
800 699 1001 797 Dialogum,
1018 698 1078 773 lib.
1098 718 1124 770 1.

532 832 587 906 De
604 831 875 919 Quaestionibus
891 831 1088 916 Ganonum,
1106 828 1166 904 lib.
1184 851 1210 902 1.

531 965 586 1038 De
604 962 940 1049 Praedestinatione,
958 963 1017 1038 lib.
1036 984 1061 1035 1.

532 1096 587 1169 De
604 1097 697 1170 Ortu
713 1105 750 1170 et
767 1095 928 1169 Moribus
944 1093 1161 1180 antichristi,
1178 1093 1238 1168 lib.
1257 1115 1282 1166 1.

381 1228 431 1303 Et
459 1228 539 1303 alia
607 1228 701 1302 Vide
734 1228 889 1303 nostrum
918 1228 963 1303 de
993 1227 1232 1326 scriptoribus
1261 1228 1421 1302 Scotime
1456 1228 1583 1301 Gentis
1614 1227 1835 1324 Catalognm.

381 1361 522 1437 Clandt
541 1385 636 1435 anno
659 1360 860 1435 Senatorio
880 1359 919 1434 in
944 1384 1088 1436 curnem
1111 1359 1285 1434 venientis
1307 1364 1390 1445 803,
1416 1359 1589 1434 Convallo
1614 1358 1778 1432 Secundo
1800 1357 1837 1428 in

382 1493 505 1568 Scotia
519 1504 703 1591 regnante.

840 1787 907 1866 DE
931 1785 1124 1862 JOANNE
1148 1785 1378 1863 ERIGENA.

382 2018 558 2092 Jonunre
599 2017 779 2092 Eurum
821 2016 948 2101 dictus,
991 2027 1055 2091 aut
1096 2016 1275 2115 dirigena,
1317 2019 1363 2092 ab
1404 2017 1479 2092 Era
1523 2019 1580 2093 vel
1622 2020 1711 2095 Aisa
1750 2024 1838 2097 urbe

382 2149 524 2223 Scotine
552 2148 694 2234 celebri,
725 2172 817 2244 quae
842 2146 930 2222 aliae
956 2146 1090 2220 dicitur
1119 2149 1292 2247 oppidum
1321 2148 1357 2224 S.
1386 2150 1546 2237 Joannis,
1573 2148 1652 2226 aliis
1682 2154 1840 2228 Joannes

384 2281 522 2366 Suetus,
549 2280 605 2354 vel
631 2279 798 2378 Magister
823 2277 1030 2364 Monachus,
1064 2281 1273 2377 cognomine
1299 2292 1336 2356 et
1362 2284 1507 2359 natione
1533 2284 1669 2372 Scotus,
1699 2296 1740 2361 ut
1767 2297 1841 2362 tra

383 2413 437 2488 aa
461 2412 588 2509 Major,
617 2411 801 2497 noemae,
825 2388 996 2495 lenaeus,
1027 2410 1276 2499 anemonas,
1299 2414 1536 2512 nempnems,
1563 2427 1600 2490 a
1625 2416 1696 2492 un.
1748 2418 1841 2492 uem

383 2545 551 2621 Nicolaus
584 2569 679 2643 papa
710 2544 853 2619 Primus
885 2544 930 2617 de
965 2566 1008 2617 eo
1039 2542 1076 2616 in
1109 2541 1265 2640 Epistola
1296 2546 1343 2620 ad
1375 2547 1543 2622 Gerulum
1577 2549 1764 2625 Caesarem
1795 2549 1840 2624 lic

383 2678 525 2753 scribit:
555 2677 758 2752 “Relatum
778 2675 836 2750 'est
861 2675 1070 2773 apostolatui
1094 2676 1221 2764 nostro,
1247 2679 1342 2776 quod
1364 2703 1454 2777 opus
1477 2681 1520 2754 Β.
1547 2680 1703 2780 Dionysii
1729 2685 1841 2758 Areo-

382 2812 536 2911 pagitae,
563 2811 660 2909 quod
692 2810 737 2884 de
770 2808 898 2882 divinia
931 2807 1143 2894 nominibm,
1172 2810 1230 2883 vel
1257 2810 1462 2887 caelestibus
1490 2812 1673 2888 ordinibus
1701 2815 1839 2890 Graeco
1912 2802 1918 2811 ⁴

382 2940 560 3041 descripsit
578 2941 729 3038 eloquio,
753 2940 898 3037 quidam
923 2939 978 3012 vir
1002 2938 1169 3026 Joannea
1198 2941 1325 3015 Scotna
1350 2966 1492 3041 genere,
1518 2935 1635 3042 nuper
1658 2945 1696 3018 in
1718 2947 1838 3020 Latin·

383 3100 446 3149 um
486 3073 731 3160 uuunder-im
773 3072 869 3169 quod
906 3071 1014 3169 juxto
1045 3093 1183 3146 morem
1216 3073 1319 3147 nobis
1349 3074 1455 3158 mitti,
1490 3085 1527 3148 et
1562 3076 1679 3152 nostro
1705 3077 1841 3174 judicio

382 3207 509 3283 debuit
537 3205 737 3304 approbari,
770 3204 976 3303 praesertim
1011 3202 1219 3277 cumidem
1251 3205 1419 3291 Joannes,
1453 3205 1538 3281 licet
1569 3208 1704 3282 multae
1733 3208 1841 3283 scien-

383 3340 456 3415 tiae
486 3336 555 3415 effe
588 3337 823 3436 praedicetur,
857 3336 944 3410 olim
976 3358 1049 3409 non
1081 3334 1163 3410 sane
1197 3335 1318 3434 sapere
1351 3339 1388 3411 in
1423 3337 1631 3436 quibusdam
1663 3340 1841 3438 freqrremi

384 3471 527 3547 rumore
553 3470 721 3547 dicatur.’'
772 3469 904 3544 Sedet
928 3466 1125 3543 Anastasius
1152 3467 1197 3540 de
1219 3465 1343 3567 insigni
1367 3468 1558 3545 sanctitate
1579 3471 1696 3545 adhuc
1722 3471 1842 3545 viven-

384 3617 458 3679 tem
487 3602 666 3678 collaudat
694 3601 751 3676 his
780 3600 898 3676 verbis
929 3601 976 3674 ad
1009 3598 1195 3674 Gerulum:
1232 3600 1467 3675 “Mirandum
1497 3627 1639 3699 quoque
1674 3603 1723 3677 est
1755 3628 1841 3702 quo-

384 3737 490 3811 modo
531 3734 592 3808 ille
634 3733 690 3807 vir
731 3734 913 3818 barbanu,
946 3731 1123 3806 Joannem
1156 3730 1245 3818 dico,
1282 3732 1341 3806 ille
1375 3733 1438 3830 qui
1476 3734 1513 3807 in
1549 3736 1680 3810 finibus
1718 3738 1841 3810 mundi

385 3867 525 3966 politus,
552 3876 685 3963 quanto
711 3868 757 3940 ab
782 3864 985 3939 hominibus
1009 3862 1282 3952 conversatione,
1305 3875 1408 3942 tanto
1432 3866 1530 3941 credi
1554 3868 1673 3965 potuit
1695 3869 1843 3956 alterius

385 4002 526 4098 linguae
573 3999 729 4072 dicbione
776 3996 1012 4096 longinquius,
1054 3995 1142 4071 talia
1182 3997 1369 4073 intellectu
1415 4023 1542 4096 capere
1584 4000 1621 4072 in
1666 4001 1842 4098 aliumque

385 4135 542 4232 linguam
565 4132 760 4206 transferre
789 4132 951 4206 voluerit.
1005 4130 1183 4204 Joannem
1207 4130 1287 4204 dico
1314 4129 1548 4229 scotigenam,
1577 4132 1704 4218 virum,
1733 4158 1843 4231 quan·

389 4278 467 4340 tum
490 4265 659 4364 comperi,
685 4289 750 4363 per
776 4264 896 4338 omnia
927 4263 1099 4350 santium,
1122 4260 1190 4336 five
1215 4262 1334 4359 potius
1354 4261 1551 4349 scientem,”
1580 4276 1647 4339 etc.
1701 4264 1845 4340 Frustra

387 4424 473 4497 ergo
516 4397 654 4473 Pitseus
696 4397 881 4472 Nicolaum
924 4421 1053 4495 papam
1091 4422 1137 4470 ex
1173 4396 1324 4470 aliorum
1359 4407 1501 4471 tantum
1534 4398 1707 4473 relatione
1742 4398 1843 4472 illurn

384 4554 515 4628 genere
549 4530 697 4605 Scotum
731 4525 944 4627 nuncupasse
976 4528 1241 4625 interpretatur,
1271 4529 1365 4603 unde
1398 4530 1494 4604 enim
1529 4530 1588 4605 ille
1623 4531 1842 4630 Eurigenam

387 4662 524 4739 dicium
563 4659 632 4736 effe
672 4662 758 4746 vult,
793 4686 839 4735 ex
872 4660 977 4735 unico
1010 4659 1142 4735 scilicet
1177 4660 1330 4735 Suluido
1364 4662 1481 4737 Petro.
1554 4663 1624 4738 Hic
1657 4664 1694 4736 in
1729 4663 1846 4762 patria

386 4791 504 4867 schola
540 4792 653 4868 literis
685 4792 920 4867 mediocriter
955 4792 1101 4878 tinctus,
1137 4791 1208 4868 sese
1241 4793 1360 4868 animo
1392 4795 1439 4869 ad
1467 4795 1603 4893 majora
1634 4794 1847 4894 capescenda
