4448 5964
788 522 853 589 DE
888 518 1235 588 SCRIPTORIBUS
1263 518 1431 586 scorta.

531 712 756 802 Quodlibeta
778 708 945 787 adversus
974 710 1185 784 Durandum
1215 709 1259 782 de
1290 708 1333 783 iis
1363 707 1401 781 in
1432 707 1562 804 quibua
1591 733 1613 781 a
1643 707 1678 782 S.
1709 707 1847 783 Tboma

581 843 748 921 diffentit.

532 982 587 1054 De
604 979 753 1054 Unitate
770 978 995 1062 Formarum,
1013 984 1138 1050 contra
1154 974 1319 1048 eundem.

532 1112 587 1187 De
605 1109 760 1185 Materia
776 1109 885 1184 Caeli.

532 1246 588 1319 De
604 1242 806 1318 Eternitate
824 1238 961 1313 Mundi.

533 1378 589 1451 De
606 1375 710 1450 Motu
726 1373 868 1473 Angeli.

532 1510 587 1583 De
606 1506 780 1584 Secundis
796 1504 1068 1580 Intentionibua

531 1642 588 1716 De
606 1639 864 1715 Relationibus.

533 1774 588 1848 De
605 1774 735 1847 Verbo.

384 1910 432 1982 Et
456 1907 528 1982 alia
556 1906 680 1991 multa,
712 1927 803 2002 quae
832 1902 1011 1977 habentur
1043 1901 1080 1974 in
1108 1901 1279 2000 Catalogo
1308 1900 1426 1976 nol'no
1456 1901 1678 2001 Scriptorum
1707 1902 1848 1981 nostrae

386 2041 522 2116 Gentis.
573 2040 632 2113 Ab
663 2038 731 2112 bac
760 2037 839 2111 luce
867 2035 1036 2134 migravit
1065 2039 1114 2110 30
1148 2033 1306 2133 Augusti,
1336 2057 1431 2109 anno
1458 2036 1595 2134 gratiae
1627 2041 1734 2122 1131,
1765 2060 1848 2136 reg.

386 2184 496 2248 nante
512 2173 550 2246 in
568 2171 690 2248 Scotia
704 2170 766 2281 pio
783 2167 919 2243 Davide
937 2168 1069 2242 Primo.

762 2467 828 2539 DE
853 2465 1112 2539 RICHARDO
1137 2463 1458 2541 ARMACHANO.

384 2702 621 2786 merianus,
648 2697 943 2796 Archiepiscopus
970 2696 1226 2783 armachanus,
1253 2707 1290 2773 et
1314 2697 1447 2795 primae
1476 2698 1680 2786 Hiberniae,
1713 2725 1845 2800 cagia>

383 2845 505 2910 mento
546 2831 758 2929 Radrdphus
799 2829 895 2928 apud
933 2828 1106 2927 patriotas
1141 2827 1223 2904 suos
1263 2830 1401 2916 Scotos,
1443 2830 1622 2906 inl'ulanos
1663 2832 1843 2920 nimbum,

382 2966 477 3066 apud
511 2966 690 3040 Hibernos
722 2987 817 3048 vcro,
853 2962 938 3035 dum
972 2960 1022 3035 ibi
1058 2959 1359 3060 archiepiscopum
1393 2972 1525 3060 ageret
1556 2963 1711 3050 *I‘izraufi
1746 2968 1844 3064 quod

382 3101 476 3175 idem
519 3099 618 3173 sonat
660 3107 768 3195 atque
801 3092 984 3192 Radulphi
1021 3094 1125 3180 filius,
1160 3091 1487 3192 cognominabatur.
1556 3095 1625 3170 Hic
1658 3097 1843 3197 postquam

381 3232 533 3331 primam
564 3226 837 3304 adolescentiam
870 3226 909 3300 in
945 3224 1064 3300 schola
1089 3224 1207 3323 patria
1239 3223 1374 3322 optime
1407 3224 1616 3313 collocaffet‚
1651 3229 1842 3318 Omnium,

380 3363 598 3440 academiam
651 3373 737 3436 tunc
782 3358 954 3457 temporis
999 3357 1111 3433 totius
1156 3355 1364 3432 Britanniae
1410 3358 1515 3458 longe
1561 3360 1842 3451 celeberrimam

380 3494 582 3572 adolescens
610 3492 724 3592 petiit,
757 3491 878 3589 ibique
912 3490 976 3565 sub
1010 3489 1162 3588 optimis,
1192 3489 1270 3588 piis,
1301 3501 1338 3565 et
1371 3491 1520 3567 eruditis
1549 3497 1842 3594 praeceptoribus

381 3632 416 3720 (c
445 3650 597 3724 quorum
627 3647 776 3699 numero
805 3633 883 3698 erat
912 3622 1071 3697 Joaunes
1100 3621 1394 3722 Baccnthorpius,
1424 3625 1479 3698 vir
1505 3627 1666 3724 apprime
1697 3630 1841 3729 coeam

380 3761 516 3836 artibus
542 3758 749 3834 liberalibus
776 3780 922 3856 operam
951 3755 1076 3843 dedit;
1110 3755 1182 3853 qui,
1216 3767 1258 3831 ut
1294 3766 1372 3832 crat
1405 3756 1590 3857 diligentia
1622 3759 1839 3850 inexhausta,

379 3902 521 3968 tantum
553 3890 686 3966 ibidem
719 3890 869 3989 profecit
903 3899 1077 3988 quantum
1116 3887 1178 3962 illa
1219 3888 1321 3963 facile
1360 3890 1630 3967 admirabantur
1665 3904 1839 3994 tempora

380 4026 475 4101 Hinc
507 4033 633 4099 acutus
666 4022 883 4109 dialecticus,
914 4021 1000 4096 hinc
1027 4021 1140 4097 didcis
1170 4022 1303 4109 rhetor,
1333 4022 1417 4099 hinc
1448 4025 1568 4123 gravia
1599 4027 1838 4129 philosophum,

379 4184 421 4235 ac
457 4160 600 4234 sanetus
639 4156 794 4255 denique
831 4165 870 4231 ct
911 4154 1108 4254 protimdus
1148 4154 1337 4255 theologus
1375 4156 1492 4234 avaiit
1569 4159 1637 4235 His
1673 4163 1840 4239 omnibns

379 4292 480 4376 adde,
515 4289 611 4388 quod
643 4290 681 4363 in
714 4297 868 4388 utroque
894 4290 977 4388 jure
1006 4298 1126 4363 tantos
1159 4287 1292 4362 lecerat
1325 4286 1533 4388 progr-eiius,
1566 4302 1607 4367 ut
1640 4293 1677 4367 in
1711 4295 1838 4371 eadem

379 4422 561 4500 academia
592 4423 631 4496 in
670 4420 852 4521 theologia
885 4421 987 4496 timul
1020 4431 1058 4496 et
1095 4421 1133 4494 in
1168 4419 1252 4517 jura
1290 4419 1351 4494 ille
1392 4421 1624 4522 praelegerat
1656 4425 1837 4525 frequenti

379 4553 570 4629 admodum
603 4551 781 4627 auditorio
811 4562 849 4628 et
873 4552 1142 4627 candidatorum
1172 4559 1277 4625 coetu
1306 4552 1436 4627 merito
1466 4554 1702 4632 honorandus
1772 4560 1839 4634 Vir

381 4712 452 4762 non
476 4685 585 4761 modo
609 4685 646 4760 in
672 4684 832 4774 diceudo,
858 4685 918 4762 sed
943 4684 1042 4761 etin
1067 4682 1262 4770 scribendo,
1288 4682 1416 4761 summi
1447 4688 1628 4777 acuminis,
1652 4701 1690 4764 et
1709 4690 1837 4790 judicii
