4448 5964
341 563 384 624 32
766 558 829 622 DE
854 557 1197 625 SCRIPTORIBUS
1222 559 1389 626 SCOTIS.

344 749 479 823 Eorum
514 772 604 845 quae
640 744 831 843 scrisperat,
870 746 1002 845 pamim
1042 749 1214 847 temporis
1254 748 1392 845 injuria,
1434 749 1565 845 partim
1608 751 1795 825 hominum

342 881 487 966 incuria,
525 879 695 953 nonnulla
725 878 934 976 perierrmt3
972 877 1061 954 haec
1089 879 1244 977 subjecta
1272 889 1414 981 tautum
1443 881 1489 953 ad
1519 881 1671 955 nostram
1705 882 1797 956 noti-

340 1015 429 1086 tiam
447 1022 696 1111 pervenerunt.
1183 1068 1187 1075 .

491 1144 549 1218 Ad
567 1143 821 1241 Amphibalum
838 1143 1013 1241 Epistolae
1029 1143 1158 1241 plures.

492 1277 550 1350 Ad
572 1274 777 1349 Oomelium
794 1274 956 1350 Tacitum
972 1274 1136 1372 Epistola.

344 1410 453 1483 Plura
480 1434 562 1482 eum
591 1404 753 1505 scripsisse
787 1407 883 1483 haud
905 1408 1052 1483 dubium
1080 1408 1137 1481 est.
1199 1407 1337 1483 Olaruit
1369 1430 1463 1481 anno
1495 1406 1571 1504 post
1597 1408 1795 1482 Servatoris

342 1541 533 1614 adventum
551 1539 589 1612 in
606 1562 750 1614 carnem
768 1541 815 1614 28
821 1543 853 1623 6,
871 1538 935 1612 sub
952 1538 1179 1613 Crathlintho
1196 1563 1280 1636 roge
1299 1538 1496 1612 Scotorum.

856 1836 922 1908 DE
961 1834 1281 1909 HILDEBERTO.

345 2066 625 2149 Hmoaauauua
650 2063 943 2161 Archiepiscopus
970 2065 1167 2152 Scotorum
1192 2091 1236 2139 ex
1262 2065 1469 2152 Trithemio,
1498 2067 1618 2152 Baleo,
1643 2066 1797 2165 aliisque,

343 2198 486 2271 natione
512 2197 648 2281 Scotua,
677 2222 722 2273 ex
753 2196 990 2271 Collecianeis
1015 2195 1168 2270 Gilberu
1194 2196 1318 2282 ani,
1344 2196 1551 2296 Dempsteri,
1574 2207 1610 2271 et
1637 2197 1798 2283 aliorum,

343 2338 553 2426 praeceptor
575 2327 688 2402 Caelii
711 2327 847 2401 Sedulii
868 2327 975 2412 Scoti,
999 2327 1217 2401 Graecorum
1240 2325 1402 2424 episcopi,
1428 2337 1465 2402 et
1488 2326 1676 2425 discipulus
1703 2329 1802 2402 Nini-

343 2460 402 2533 ani
435 2460 615 2534 Candidae
650 2457 757 2534 Casae
800 2458 961 2558 episcopi,
1004 2484 1075 2533 non
1118 2470 1238 2532 autem
1281 2460 1499 2558 Berengarii,
1534 2472 1575 2534 ut
1615 2486 1802 2559 perperam

343 2591 461 2668 asserit
483 2592 718 2677 Trithemius3
743 2602 806 2665 aut
826 2591 922 2666 anim
947 2591 1043 2666 hunc
1065 2589 1221 2665 nostrum
1244 2590 1495 2667 Hildebertum
1521 2591 1695 2667 diversum
1715 2593 1801 2669 sacit

341 2751 364 2799 a
388 2723 640 2803 Cenomanenfi
669 2722 841 2822 episcopo,
865 2724 960 2821 quod
986 2723 1129 2822 quidem
1155 2746 1236 2796 cum
1262 2722 1347 2797 viris
1384 2724 1500 2800 <roais
1525 2723 1701 2822 plerisque
1730 2752 1803 2802 uon

342 2856 444 2931 facile
479 2855 639 2940 dixerim,
674 2865 737 2928 aut
770 2854 807 2928 in
840 2865 1002 2952 tompore
1033 2852 1190 2952 graviter
1219 2852 1335 2950 lapsus
1368 2825 1431 2938 est,
1461 2855 1522 2953 qui
1555 2855 1657 2928 illum
1692 2856 1800 2932 semel

343 2989 445 3087 ponit
479 2987 542 3063 sub
578 2993 674 3063 1090
708 3012 812 3072 anno,
847 2988 933 3062 alias
957 2986 1029 3061 'sub
1063 2989 1147 3068 400,
1182 2985 1439 3085 Berengarium
1475 3012 1559 3061 vcro
1593 2988 1658 3062 sub
1693 2995 1799 3066 1300.

345 3119 535 3215 Utcunque
566 3119 621 3193 vir
654 3128 731 3193 erat
765 3118 803 3191 in
834 3116 1016 3215 scripturis
1048 3117 1178 3191 sauciis
1205 3118 1366 3193 eruditus
1394 3121 1557 3206 multum,
1590 3121 1799 3198 secularium

343 3251 452 3327 etiam
494 3250 678 3325 literarum
713 3273 785 3323 uon
819 3249 972 3346 ignarus,
1014 3249 1156 3347 ingenio
1198 3260 1332 3336 acutus,
1375 3263 1412 3326 et
1452 3253 1608 3328 multum
1650 3255 1800 3330 disertus

343 3381 511 3478 eloqui0;
545 3404 618 3455 non
646 3379 765 3454 minus
791 3379 865 3453 vita
893 3403 1001 3476 quam
1030 3380 1175 3457 scientia
1200 3386 1424 3471 reverendae,
1457 3386 1496 3460 in
1522 3386 1679 3484 utrisque
1709 3390 1797 3463 nulli

343 3510 404 3587 suo
432 3523 594 3611 tempora
627 3508 808 3587 secundus.
869 3509 1102 3609 Theologieac
1135 3513 1351 3612 proseffiouia
1386 3517 1527 3593 culmen
1560 3519 1725 3607 ascendit,
1760 3522 1798 3595 in

343 3645 465 3719 siricio
487 3643 645 3719 {imiliter
674 3655 715 3716 ut
743 3642 919 3719 insoluta
945 3643 1106 3720 oratione
1131 3647 1258 3744 gravis,
1284 3647 1406 3734 tersae,
1433 3660 1470 3724 et
1496 3648 1677 3737 eruditus,
1703 3653 1796 3727 unde

342 3779 435 3853 hisce
477 3777 688 3862 nominatus,
718 3760 835 3874 primo
867 3776 909 3848 fit
943 3775 1125 3876 episcopus
1157 3779 1436 3865 Cenomanenfis,
1472 3756 1599 3855 deinde
1636 3783 1797 3857 Thurou·

338 3909 440 3995 cusia,
453 3907 619 4013 'denique
644 3904 925 4004 archiepiscopus
955 3906 1153 3984 Scotorum.
1210 3912 1241 3985 E
1273 3912 1394 3986 Scotia
1420 3923 1540 3988 autam
1567 3915 1605 3987 in
1631 3915 1793 4002 Galliam,

340 4066 425 4116 mox
443 4040 480 4115 in
503 4038 654 4123 Italiam,
679 4034 859 4112 uoviflime
878 4038 917 4111 in
939 4039 1135 4127 Graeciam,
1159 4044 1339 4140 profectu
1363 4045 1421 4119 est.
1472 4045 1616 4144 Scripsit
1641 4058 1794 4145 utroque

342 4174 437 4272 stylo,
464 4169 615 4244 metrico
634 4168 766 4243 scilicet
792 4179 830 4242 et
851 4168 1018 4267 prosaico,
1041 4172 1215 4270 quaedam
1237 4175 1419 4272 praeclara
1441 4176 1628 4273 opuscula;
1650 4179 1694 4251 de
1718 4178 1794 4274 qui.

342 4307 409 4379 bus
425 4305 487 4381 ista
503 4304 676 4379 seruntur.

490 4437 545 4510 De
562 4434 704 4511 Miseria
719 4433 826 4532 hujus
841 4434 956 4519 Vitae,
973 4434 1033 4508 lib.
1052 4456 1076 4507 1.

491 4569 606 4665 Super
621 4576 700 4640 toto
717 4566 843 4641 Officio
855 4563 991 4651 Missae,
1008 4564 1068 4640 lib.
1090 4567 1153 4664 [a]

490 4700 544 4772 De
562 4699 623 4772 suo
640 4698 768 4784 Exilio,
787 4697 847 4772 lib.
866 4719 891 4770 1.

489 4831 544 4905 De
561 4831 791 4905 Sacramento
808 4829 952 4916 Altaria,
969 4829 1029 4904 lib.
1048 4851 1073 4903 1.
