4448 5964
799 505 864 570 DE
898 504 1240 572 SCRIPTORIBUS
1274 506 1441 572 SGOTIS.
1784 509 1846 572 121

384 693 578 794 pontifices,
611 692 816 778 cardinales,
849 703 886 767 et
915 691 1095 790 episcopos
1125 690 1234 779 fuisse,
1266 703 1307 767 ut
1336 695 1382 768 ad
1415 692 1528 790 ipsum
1557 693 1594 764 in
1629 693 1748 767 arduis
1781 718 1843 768 ne-

385 826 491 925 gotiis
522 823 606 899 fidei
640 823 841 911 enodandis,
875 834 1047 923 tanquam
1081 826 1127 899 ad
1159 824 1363 922 supremum
1390 825 1564 923 judicem,
1593 836 1842 911 recurrereut;

386 967 424 1031 ct
445 957 673 1054 Dempsterus
699 957 855 1032 tollatur.
912 969 932 998 ‘⁶
952 957 1109 1031 Jacobus
1132 957 1286 1056 Tyrius‚’'
1317 958 1441 1054 inquit,
1472 968 1492 998 ‘⁶
1510 957 1610 1055 cujus
1633 958 1842 1032 memoriam

386 1114 457 1164 non
482 1088 604 1164 Scotia
623 1090 739 1174 modo,
764 1087 975 1175 sedParisri,
998 1089 1123 1174 Roma,
1150 1089 1351 1174 Germania,
1378 1089 1504 1174 Gallia,
1526 1088 1700 1186 Belgium,
1727 1088 1841 1175 Italia,

386 1219 458 1320 ipsa
491 1219 650 1294 Societas
682 1219 776 1306 Jesu
812 1218 1021 1294 assistentem
1054 1246 1136 1294 cum
1174 1215 1371 1306 excederet,
1409 1220 1553 1318 pietatis
1586 1230 1623 1294 et
1657 1221 1841 1295 dostunae

385 1352 527 1427 nomine
552 1351 696 1449 operose
721 1353 841 1439 coluit,
866 1362 1039 1451 grataque
1062 1353 1261 1426 reverentia
1281 1363 1466 1427 aeternum
1490 1351 1751 1450 prosequetur.’'
1799 1353 1841 1425 In

385 1485 567 1560 senestute
590 1474 734 1557 tandem
762 1485 915 1558 Romam
940 1484 989 1558 est
1011 1484 1201 1580 prosettus,
1228 1494 1265 1558 et
1290 1484 1327 1556 in
1353 1483 1511 1582 Collegio
1534 1483 1752 1558 Jesuitarum
1777 1509 1841 1582 per

385 1616 517 1692 multos
542 1640 654 1690 annos
677 1616 906 1691 continuavit.
957 1616 1001 1689 In
1024 1616 1093 1689 hoc
1119 1616 1278 1715 collegio,
1304 1616 1603 1713 quemadmodum
1625 1626 1662 1691 et
1687 1616 1726 1688 in
1752 1616 1839 1700 aliis,

385 1747 499 1823 multa
524 1747 705 1823 volumina
734 1748 974 1847 philosophiae
1003 1758 1040 1823 et
1065 1746 1266 1844 theologiae
1291 1755 1465 1831 accurate,
1492 1746 1608 1834 docte,
1634 1757 1672 1821 et
1701 1747 1841 1845 elegan-

385 1888 442 1954 ter
473 1877 666 1952 contexuit.

535 2011 609 2086 Sub
644 2011 787 2087 nomine
813 2011 963 2086 Joannis
997 2010 1193 2097 Thomsoni‚
1226 2012 1433 2086 Tractatum
1463 2011 1508 2085 de
1537 2010 1724 2110 Religione
1753 2012 1840 2085 Pro-

580 2144 802 2230 testantium
820 2144 881 2242 qui
898 2144 992 2217 inter
1008 2143 1138 2240 scripta
1154 2141 1302 2216 Antonii
1319 2140 1494 2218 Possevini
1511 2142 1673 2217 hahetur.

531 2273 680 2351 Cursum
709 2274 821 2350 totius
847 2275 1059 2374 Theologiae
1085 2274 1327 2360 Scholasticae,
1358 2273 1474 2348 tribus
1501 2274 1618 2360 tomis,
1648 2298 1694 2347 ex
1721 2271 1836 2358 Scoto,

580 2407 769 2504 Aquinate,
787 2418 824 2482 et
840 2407 919 2483 aliis
934 2405 1152 2483 scholasticis.

531 2538 575 2612 In
591 2537 788 2614 Aristotelis
804 2538 1042 2639 Metaphylica
1059 2537 1296 2626 Quaestiones.
1316 2543 1319 2548 ’

382 2671 431 2746 Et
456 2670 528 2743 alia
552 2668 660 2756 varia,
686 2694 777 2768 quae
802 2671 981 2746 hahentur
1009 2672 1047 2744 in
1075 2670 1246 2768 Catalogo
1272 2649 1388 2744 nostro
1415 2669 1459 2743 do
1490 2667 1730 2768 scriptoribus
1762 2665 1838 2741 nos-

382 2812 461 2876 trae
482 2801 618 2876 Gentis.
669 2801 824 2877 Mortem
846 2803 997 2901 oppetiit
1027 2805 1174 2887 Romae,
1201 2827 1295 2876 anno
1320 2801 1458 2900 gratiae
1485 2805 1592 2887 1589,
1614 2799 1677 2875 suh
1701 2801 1836 2874 Jacoho

385 2933 495 3008 Sexto
512 2932 709 3007 Scotorum.

821 3229 889 3303 DE
913 3229 1140 3306 ROBERTO
1165 3229 1394 3306 ROLLOCO.

384 3458 590 3534 Ronnnws
629 3458 836 3547 Romocue
878 3461 1000 3536 Pastor
1042 3471 1079 3535 et
1121 3464 1334 3538 Academiae
1359 3433 1649 3562 'Edinburgenae
1690 3460 1834 3544 Bethor,

383 3590 527 3665 natione
556 3590 692 3678 Scotus,
722 3591 839 3689 patria
868 3592 1097 3678 Sterlinensrs,
1131 3619 1208 3668 rem
1241 3595 1437 3669 literarium
1468 3594 1531 3668 suh
1567 3593 1703 3692 optimo
1736 3617 1836 3690 prae-

383 3732 526 3821 ceptore
548 3722 705 3797 Patricio
734 3723 962 3809 Buchauan0,
989 3723 1083 3797 illius
1106 3724 1251 3823 Georgii
1277 3725 1494 3812 Buchanani,
1519 3736 1707 3824 poetarum
1733 3724 1835 3798 facile

382 3852 559 3952 principis,
584 3855 695 3930 fratre
720 3879 899 3953 germano,
922 3855 960 3929 in
986 3854 1103 3930 schola
1126 3855 1341 3944 Sterlinenfi,
1364 3858 1501 3932 summa
1524 3856 1635 3930 coluit
1656 3841 1833 3929 industria

382 3984 539 4060 Decurso
559 3986 705 4094 tandem
730 3986 980 4061 humaniorum
1005 3987 1190 4062 literarum
1218 3987 1341 4075 studio,
1363 3987 1605 4086 Andreapolin
1631 3988 1677 4061 ad
1701 3988 1835 4085 majora

382 4117 495 4194 studia
527 4118 718 4193 destinatus
750 4119 826 4206 est3
866 4129 903 4194 et
943 4120 1099 4218 primum
1135 4119 1393 4217 philosophicis
1426 4119 1544 4216 postea
1576 4142 1661 4193 vero
1698 4117 1835 4191 theolo-

380 4248 468 4348 gicis
496 4251 611 4336 rebus,
645 4259 722 4324 tam
755 4250 932 4325 strenuam
966 4251 1110 4325 navavit
1145 4275 1300 4349 operam,
1341 4262 1379 4327 et
1411 4250 1449 4326 in
1483 4250 1641 4350 utrisque
1672 4262 1748 4326 tam
1782 4251 1835 4324 in-

380 4379 512 4481 hgnem
540 4381 721 4479 acquisivit
746 4383 994 4482 coguitionem,
1023 4393 1064 4457 ut
1093 4407 1216 4457 omues
1244 4381 1324 4456 suos
1352 4406 1501 4457 coaevos
1525 4382 1658 4457 virtute
1684 4407 1726 4457 ac
1755 4407 1834 4457 eru·

383 4512 516 4588 ditione
543 4513 733 4612 superaret.
794 4515 984 4613 Postquam
1011 4515 1176 4591 liberales
1201 4522 1297 4588 artes
1325 4522 1363 4587 et
1391 4513 1552 4588 scientias
1579 4502 1835 4612 philosophicas

382 4640 562 4730 didicisset,
598 4656 635 4720 et
672 4644 861 4744 magisterii
896 4645 1053 4721 lauream
1089 4646 1240 4744 adeptus
1273 4642 1368 4731 esset,
1403 4644 1611 4744 theologicis
1644 4643 1765 4719 studiis
1799 4644 1833 4719 se

381 4784 499 4850 totum
526 4775 688 4864 dedidit;
721 4777 822 4875 cujus
849 4774 1032 4852 scientiam
1059 4775 1310 4874 speculativam
1338 4776 1401 4852 ubi
1429 4775 1467 4849 in
1496 4775 1654 4876 Collegio
1681 4774 1833 4850 Leonat-

1657 4896 1683 4949 a
