4470 5962
823 507 888 572 DE
929 507 1274 575 SCRIPTORIBUS
1308 509 1477 574 SCOTlS.

564 695 755 770 Ledturam
773 693 1039 769 Sententiarum
1056 697 1115 772 lib.
1134 718 1186 770 1v.

563 825 846 902 Commentarios
862 826 1128 927 Metaphyfices,
1147 828 1207 905 lib.
1225 850 1295 906 ΧΠ.

561 959 696 1034 Contra
713 958 972 1057 Propulitiones
989 959 1147 1045 Wielevi,
1165 960 1225 1034 lib.
1244 980 1267 1032 1.

561 1091 677 1191 Super
694 1092 788 1167 Ideis
804 1092 969 1189 ejusdem,
988 1093 1046 1167 lib.
1066 1114 1091 1165 1.

559 1221 615 1297 De
632 1220 713 1298 Effe
730 1223 960 1322 Intelligibili,
978 1225 1039 1298 lib.
1057 1247 1082 1297 1.

558 1355 616 1428 Ad
633 1355 807 1453 quaedam
824 1356 919 1431 Loca
934 1356 1088 1455 allegata
1104 1356 1164 1431 lib.
1182 1377 1207 1428 1.

396 1564 398 1569 .
558 1487 786 1575 Quaestiones
803 1488 928 1575 varias,
946 1489 1006 1563 lib.
1025 1511 1050 1563 1.

556 1617 763 1717 Scripturae
782 1619 818 1695 S.
837 1621 1042 1706 Praeconia,
1058 1621 1119 1696 lib.
1138 1643 1162 1694 1.

559 1751 601 1824 In
618 1752 825 1827 canonicam
840 1753 977 1840 Jacobi‚
995 1753 1055 1827 lib.
1073 1774 1114 1827 11.

554 1886 596 1959 In
614 1883 846 1972 Ezechielem,
863 1886 923 1962 lib.
941 1908 966 1959 1.

449 2098 455 2113 ,
553 2016 608 2090 De
626 2013 785 2092 Pollione
803 2017 941 2103 Christi,
960 2017 1020 2092 lib.
1038 2038 1063 2090 1.

551 2147 606 2222 De
624 2146 761 2244 Spiritu
778 2147 922 2234 Sandto,
939 2148 1000 2223 lib.
1019 2170 1043 2221 1.

401 2280 450 2354 Et
477 2278 549 2354 alia
578 2279 733 2377 plurima
762 2279 800 2354 in
831 2279 1004 2378 Catuogo
1033 2279 1254 2377 Scriptorum
1280 2282 1448 2381 exprell'a
1517 2285 1675 2360 Tandem
1706 2287 1857 2362 Eboraci

400 2412 439 2489 in
463 2409 607 2487 suorum
637 2413 806 2488 Fratrum
831 2412 1002 2487 coenobio
1026 2412 1064 2485 in
1088 2412 1253 2489 humanis
1277 2412 1345 2489 else
1371 2414 1470 2491 deliit
1494 2441 1589 2494 anno
1605 2420 1652 2495 ab
1673 2419 1856 2495 incarnato

401 2545 469 2621 Dei
486 2545 606 2621 Verbo
625 2550 732 2633 1399,
749 2549 775 2620 4
791 2546 844 2620 Id.
862 2544 960 2633 Maii,
978 2545 1129 2622 Roberti
1145 2546 1256 2623 Tertii
1271 2558 1443 2646 tempore.

813 2841 879 2917 DE
903 2843 1091 2917 JACOBO
1116 2844 1272 2919 PRIMO
1298 2846 1439 2921 REGE.

395 3075 565 3153 Jaooaus
600 3074 848 3162 Srnwaurus,
888 3075 963 3172 ejus
998 3075 1150 3150 nominis
1187 3045 1375 3152 Scotorum
1408 3079 1488 3154 Rex
1521 3078 1666 3176 primus,
1700 3082 1851 3157 Roberti

396 3207 507 3282 Tertii
538 3206 643 3283 lilius
707 3207 744 3282 Is
777 3207 1046 3305 quatuordecim
1079 3219 1184 3283 natus
1216 3235 1338 3296 annos,
1372 3236 1395 3286 a
1427 3220 1529 3309 patre
1566 3222 1603 3286 et
1636 3214 1737 3312 regni
1770 3239 1851 3312 pro-

394 3339 535 3416 ceribus
567 3340 614 3415 ad
647 3338 845 3415 Galliarum
878 3364 999 3437 regem
1033 3336 1154 3414 missus
1192 3354 1297 3431 erat3
1340 3344 1426 3418 dum
1467 3354 1589 3419 autem
1622 3345 1660 3418 in
1694 3346 1848 3422 Galliam

394 3474 537 3574 cogitat
567 3470 707 3546 emenso
740 3471 923 3569 aliquanto
957 3471 1080 3546 oceani
1112 3471 1233 3569 spatio,
1268 3475 1354 3548 dum
1390 3475 1491 3552 littus
1525 3474 1621 3573 legit,
1656 3476 1702 3550 ad
1731 3475 1848 3552 Flam-

393 3611 546 3707 burgum
588 3604 872 3703 promontorium
908 3603 977 3678 five
1017 3603 1233 3702 tempestatis
1269 3603 1304 3676 vi
1337 3602 1493 3687 coaetus,
1533 3601 1601 3677 five
1636 3614 1677 3678 ut
1711 3630 1731 3678 e
1761 3631 1847 3680 nau-

392 3740 450 3815 sea
481 3739 619 3814 marina
655 3738 691 3812 se
729 3738 914 3836 paululum
950 3746 1138 3820 recrearet,
1182 3733 1369 3820 descendit,
1410 3735 1456 3809 ab
1500 3733 1692 3833 Anglisque
1729 3748 1847 3811 reten-

392 3883 459 3958 tus,
498 3882 535 3947 et
568 3897 591 3947 a
623 3895 717 3970 rege,
754 3868 912 3944 consulto
957 3868 1043 3968 quid
1082 3892 1124 3942 eo
1162 3867 1241 3942 fieri
1282 3867 1377 3953 velit,
1420 3867 1458 3941 in
1495 3867 1613 3944 aulam
1655 3867 1843 3956 arcellitus,

390 4005 520 4104 ibique,
546 4029 593 4081 ex
620 4003 759 4079 concilii
785 4003 938 4088 decreto,
961 4000 1122 4099 captivus
1146 4000 1195 4075 est
1220 4000 1394 4075 detentus
1446 4001 1488 4074 In
1511 4011 1656 4099 captum
1676 4014 1844 4077 tamena

388 4163 472 4238 rege
497 4139 617 4238 Anglo
650 4138 718 4212 boc
743 4160 855 4210 unum
883 4133 1079 4209 liberaliter
1107 4142 1145 4206 et
1172 4129 1269 4228 regie
1294 4130 1343 4205 est
1368 4129 1575 4219 consultum,
1606 4133 1701 4229 quod
1730 4132 1842 4206 literis

388 4280 425 4344 et
449 4269 595 4347 honesta
613 4267 796 4366 disciplina
814 4291 897 4341 eum
922 4264 1175 4340 instituendum
1199 4261 1346 4349 curavit,
1368 4261 1536 4337 adhibitis
1559 4263 1593 4336 ei
1617 4264 1840 4363 paedagogis,

388 4426 540 4501 quorum
570 4400 752 4477 seientiam
781 4423 923 4474 omnem
953 4423 1024 4472 non
1053 4409 1225 4493 tanquam
1253 4419 1343 4492 puer
1368 4392 1551 4481 imbibiffe,
1580 4393 1640 4470 sed
1668 4407 1838 4496 tanquam

386 4532 512 4609 summi
539 4532 666 4633 Judioii
695 4531 750 4606 vir
779 4527 923 4606 hanliffe
952 4529 1173 4627 putabatur;
1211 4526 1305 4601 unde
1339 4527 1506 4602 effoetum
1534 4528 1593 4614 est,
1624 4540 1665 4604 ut
1693 4531 1838 4606 annales
1919 4612 1924 4623 ,

385 4664 492 4745 nostri
513 4663 683 4750 refenmt,
708 4673 749 4738 ut
771 4671 873 4737 tanta
894 4659 989 4735 illius
1013 4683 1131 4737 mores
1156 4658 1321 4757 poliverit
1343 4659 1528 4758 elegantia,
1548 4671 1719 4760 tantaque
1742 4663 1837 4739 illius
