4448 5964
776 496 840 592 nn
883 528 1226 598 somenomnus
1264 533 1431 602 sooms.
1784 542 1828 614 69

533 723 587 796 De
605 722 846 796 Immaculatis
862 724 1046 823 Mysteriis,
1063 726 1123 800 lib.
1141 748 1166 800 1.

381 855 535 929 Caetera
567 854 647 928 vide
680 855 776 952 apud
814 855 970 930 nostrum
1002 859 1048 932 de
1085 857 1325 957 scriptoribus
1367 857 1526 932 Sooticae
1569 859 1694 932 Gentis
1732 861 1836 934 Cata

382 986 514 1083 logum.
577 987 732 1060 Demum
760 988 806 1061 ab
836 987 984 1063 Alfredo
1012 1014 1097 1090 rege
1125 999 1335 1089 praeceptor
1363 988 1571 1063 constitutus
1599 989 1637 1063 in
1666 992 1836 1067 coenobio

382 1116 692 1205 Malmetburienu
718 1145 742 1195 a
767 1121 950 1197 malevolis
980 1122 1187 1221 quibusdam
1214 1120 1399 1219 discipulis,
1431 1145 1583 1218 quornm
1612 1108 1834 1197 insolentiam

381 1273 593 1346 morumque
617 1251 831 1347 pravitatem
855 1252 971 1327 aerius
995 1255 1177 1351 arguebat,
1203 1254 1297 1327 inter
1323 1252 1513 1351 legendum
1538 1252 1712 1352 scalpellis
1734 1278 1836 1351 prae-

381 1382 496 1458 acutis
529 1382 729 1479 perforatus
761 1385 811 1458 est
843 1395 880 1459 et
909 1385 1151 1483 interemptus,
1187 1410 1259 1460 non
1293 1381 1365 1459 fine
1398 1386 1653 1460 monachorum
1686 1382 1835 1459 sortassrs

382 1515 544 1614 impulsu,
579 1516 740 1613 quamvis
770 1518 816 1591 ab
849 1516 920 1590 illis
951 1541 1036 1590 mox
1073 1517 1168 1591 inter
1201 1513 1367 1590 ecelesiae
1402 1527 1576 1614 martyres
1617 1525 1834 1591 numeretur.

383 1647 523 1723 Claruit
551 1673 646 1723 anno
672 1673 695 1724 a
722 1648 944 1747 plenitudine
970 1637 1141 1746 temporis
1174 1652 1257 1734 884,
1291 1647 1355 1722 sub
1389 1648 1563 1748 Gregorio
1592 1675 1700 1747 rege3
1736 1648 1837 1745 cnjus

383 1776 618 1877 sepulchrum,
661 1780 707 1854 ad
747 1781 868 1878 magni
901 1780 1024 1855 altaris
1064 1778 1238 1856 finistrum
1272 1779 1367 1854 latus
1400 1778 1514 1867 situm,
1553 1781 1621 1855 hoc
1655 1772 1835 1879 epitaphio

382 1922 546 1987 notatur:

698 2110 850 2170 Clauditur
863 2112 917 2172 hoc
930 2111 1043 2172 tumulo
1057 2131 1135 2171 sacer
1147 2109 1195 2168 ille
1208 2109 1336 2188 sophista
1347 2108 1368 2166 J
1368 2128 1483 2178 oannes,
1616 2107 1620 2113 ’

696 2219 756 2290 Qui
769 2220 885 2281 dotatus
898 2229 966 2291 crat,
980 2221 1052 2280 dum
1064 2219 1146 2291 vixit,
1160 2219 1292 2299 dogmate
1305 2221 1394 2277 miror

696 2330 837 2410 Martyris
849 2331 967 2391 tandem
981 2330 1090 2390 Christi
1101 2330 1290 2390 conscendere
1303 2347 1424 2407 regnum

697 2443 765 2513 Quo
778 2445 891 2513 meruit,
906 2444 984 2503 vivet
996 2461 1064 2504 cum
1076 2441 1182 2503 sanctis
1195 2439 1290 2498 secula
1302 2446 1415 2498 cuncta

941 2728 1008 2805 DE
1032 2722 1271 2800 MARIANO.

383 2982 603 3061 Msmsnus,
641 2973 875 3070 oognomento
917 2984 959 3034 aa
1000 2956 1144 3031 natione
1184 2954 1321 3037 Scotus,
1360 2960 1400 3023 ut
1442 2973 1564 3024 omnes
1603 2946 1834 3065 consentiunt,

383 3120 470 3194 item
498 3112 616 3194 distus
646 3103 829 3179 Marianus
853 3093 1021 3178 Inclusus,
1050 3090 1206 3189 primum
1235 3083 1429 3160 monachus
1457 3082 1492 3155 S.
1521 3081 1749 3156 Pantaleonis
1776 3083 1835 3173 (ex

381 3243 592 3338 Trithemio)
618 3229 841 3316 Colonienfis,
867 3226 994 3302 deinde
1019 3216 1213 3304 Fuldensts
1239 3216 1373 3293 ordinis
1397 3214 1432 3288 S.
1456 3212 1653 3299 Benedisti,
1676 3213 1835 3288 historio-

381 3379 538 3483 graphus
570 3366 829 3449 celeberrimus,
863 3356 1072 3467 computista
1106 3351 1258 3452 insignis,
1293 3361 1330 3425 et
1362 3347 1549 3445 theologus
1582 3345 1709 3444 gravis,
1744 3373 1835 3445 quae

382 3511 528 3590 nomina
555 3506 593 3580 in
625 3480 838 3576 hodiernum
877 3490 986 3588 usque
1024 3488 1119 3561 diem
1156 3484 1343 3582 scriptores
1379 3505 1502 3555 omnes
1539 3479 1592 3552 illi
1628 3481 1743 3554 adhuc
1772 3481 1836 3554 tri-

381 3649 507 3721 buunt.
574 3635 640 3708 Vir
673 3640 750 3706 erat
778 3628 857 3702 Deo
886 3624 1043 3704 devotus,
1075 3620 1113 3692 in
1146 3616 1274 3691 divinis
1301 3613 1492 3712 Scripturis
1524 3610 1694 3697 eruditus,
1728 3623 1765 3686 et
1798 3613 1835 3685 in

382 3773 565 3874 disciplina
592 3764 801 3841 secularium
830 3757 1014 3831 literarum
1047 3749 1185 3849 copiose
1217 3749 1417 3831 instruens,
1450 3745 1582 3844 ingenii
1616 3744 1834 3831 solertiffimi,

382 3904 552 3987 sermonis
580 3897 692 4000 politi,
718 3895 860 3992 linguae
890 3885 1101 3986 expeditae:
1129 3883 1191 3982 qni
1219 3880 1361 3979 quidem
1391 3878 1429 3951 in
1458 3875 1704 3975 antiquissimis
1727 3880 1834 3953 rebus

383 4068 428 4119 ex
459 4037 581 4115 abdito
609 4034 648 4106 in
676 4030 793 4102 lucem
822 4017 1042 4122 proferendis
1069 4027 1145 4090 tam
1175 4013 1306 4089 aeriter
1339 4007 1516 4085 desudasse
1544 4010 1761 4109 perhibetur,
1792 4021 1833 4084 nt

382 4175 515 4250 multos
548 4187 696 4248 errores,
726 4157 788 4258 qui
818 4156 856 4228 in
885 4148 1146 4227 ecclesiasticam
1175 4147 1355 4221 historiam
1388 4144 1572 4219 hominum
1606 4143 1697 4217 vitio
1725 4143 1836 4242 irrep-

382 4306 509 4387 serant,
543 4291 724 4376 deleverit,
754 4297 958 4381 certamque
994 4278 1181 4353 veritatem
1211 4275 1434 4350 substituerit.
1500 4274 1577 4359 Hic,
1604 4298 1687 4347 oum
1717 4274 1836 4350 omnia
1932 4351 1936 4359 ,

383 4437 473 4512 odiis
501 4427 672 4506 intestinis
701 4422 763 4497 sub
793 4416 1011 4493 Machabaeo
1039 4421 1191 4510 tyranno
1221 4408 1396 4491 arderent,
1425 4405 1542 4504 patria
1572 4403 1633 4479 sua
1661 4403 1767 4492 ceffit,
1798 4416 1835 4480 et

382 4573 419 4646 in
453 4561 681 4644 Germaniam
714 4551 921 4655 peregrinus
954 4544 1119 4643 aufugit3
1154 4541 1322 4616 Coloniae
1350 4526 1466 4637 primo
1501 4563 1641 4636 quoqne
1675 4548 1836 4636 tempore

383 4704 420 4776 ih
451 4693 660 4773 monasterio
699 4691 744 4762 D.
778 4681 925 4758 Martini
958 4677 1171 4752 monaahum
1207 4673 1333 4760 induit,
1366 4682 1403 4746 et
1434 4672 1472 4744 in
1505 4671 1631 4746 eodem
1664 4671 1835 4766 coenobio

382 4835 493 4908 vitam
519 4825 711 4903 solitariam
738 4816 891 4894 inclusus
918 4812 1055 4886 duobus
1081 4808 1183 4884 annis
1209 4804 1408 4881 voluntarie
1435 4803 1548 4878 duxit.
1599 4803 1658 4878 Ad
1684 4802 1835 4877 Fuldam
