<?xml version="1.0" encoding="UTF-8"?>
<!DOCTYPE html PUBLIC "-//W3C//DTD XHTML 1.0 Transitional//EN"
    "http://www.w3.org/TR/xhtml1/DTD/xhtml1-transitional.dtd">
<html xmlns="http://www.w3.org/1999/xhtml" xml:lang="en" lang="en">
 <head>
  <title>
</title>
<meta http-equiv="Content-Type" content="text/html;charset=utf-8" />
  <meta name='ocr-system' content='tesseract 3.04.00' />
  <meta name='ocr-capabilities' content='ocr_page ocr_carea ocr_par ocr_line ocrx_word'/>
</head>
<body>
  <div class='ocr_page' id='page_1' title='image "./davidisbuchanan00irvigoog_0074.png"; bbox 0 0 4470 5962; ppageno 0'>
   <div class='ocr_carea' id='block_1_1' title="bbox 408 497 1459 567">
    <p class='ocr_par' dir='ltr' id='par_1_1' title="bbox 408 497 1459 567">
     <span class='ocr_line' id='line_1_1' title="bbox 408 497 1459 567; baseline -0.005 0"><span class='ocrx_word' id='word_1_1' title='bbox 408 507 451 567; x_wconf 78' lang='lat'><strong>54</strong></span> <span class='ocrx_word' id='word_1_2' title='bbox 812 499 876 563; x_wconf 76' lang='lat' dir='ltr'><strong>Dr:</strong></span> <span class='ocrx_word' id='word_1_3' title='bbox 912 497 1256 565; x_wconf 83' lang='lat' dir='ltr'>SCRIPTORIBUS</span> <span class='ocrx_word' id='word_1_4' title='bbox 1291 498 1459 565; x_wconf 85' lang='lat' dir='ltr'><strong>SCOTlS.</strong></span> 
     </span>
    </p>
   </div>
   <div class='ocr_carea' id='block_1_2' title="bbox 407 685 1873 3962">
    <p class='ocr_par' dir='ltr' id='par_1_2' title="bbox 407 685 1871 3168">
     <span class='ocr_line' id='line_1_2' title="bbox 407 685 1864 787; baseline -0.001 -24"><span class='ocrx_word' id='word_1_5' title='bbox 407 688 577 787; x_wconf 88' lang='lat' dir='ltr'><strong>liquidem</strong></span> <span class='ocrx_word' id='word_1_6' title='bbox 600 687 694 763; x_wconf 90' lang='lat' dir='ltr'><strong>inter</strong></span> <span class='ocrx_word' id='word_1_7' title='bbox 719 687 886 773; x_wconf 81' lang='lat' dir='ltr'>Saxones,</span> <span class='ocrx_word' id='word_1_8' title='bbox 913 697 950 761; x_wconf 92' lang='lat' dir='ltr'><strong>et</strong></span> <span class='ocrx_word' id='word_1_9' title='bbox 972 685 1024 762; x_wconf 93' lang='lat' dir='ltr'><strong>sui</strong></span> <span class='ocrx_word' id='word_1_10' title='bbox 1046 686 1217 786; x_wconf 89' lang='lat' dir='ltr'><strong>temporis</strong></span> <span class='ocrx_word' id='word_1_11' title='bbox 1239 687 1363 775; x_wconf 90' lang='lat' dir='ltr'><strong>cleros,</strong></span> <span class='ocrx_word' id='word_1_12' title='bbox 1391 686 1536 784; x_wconf 87' lang='lat' dir='ltr'><strong>pietatis</strong></span> <span class='ocrx_word' id='word_1_13' title='bbox 1557 685 1663 764; x_wconf 89' lang='lat' dir='ltr'><strong>laude</strong></span> <span class='ocrx_word' id='word_1_14' title='bbox 1685 689 1864 764; x_wconf 82' lang='lat' dir='ltr'><strong>excelluit.</strong></span> 
     </span>
     <span class='ocr_line' id='line_1_3' title="bbox 409 818 1866 919; baseline 0 -22"><span class='ocrx_word' id='word_1_15' title='bbox 409 822 485 897; x_wconf 85' lang='lat' dir='ltr'><strong>Hos</strong></span> <span class='ocrx_word' id='word_1_16' title='bbox 518 831 639 895; x_wconf 89' lang='lat' dir='ltr'><strong>autem</strong></span> <span class='ocrx_word' id='word_1_17' title='bbox 671 820 816 895; x_wconf 91' lang='lat' dir='ltr'><strong>honoris</strong></span> <span class='ocrx_word' id='word_1_18' title='bbox 847 820 979 919; x_wconf 86' lang='lat' dir='ltr'><strong>gradus</strong></span> <span class='ocrx_word' id='word_1_19' title='bbox 1013 843 1086 894; x_wconf 92' lang='lat' dir='ltr'><strong>non</strong></span> <span class='ocrx_word' id='word_1_20' title='bbox 1117 830 1193 894; x_wconf 89' lang='lat' dir='ltr'><strong>tam</strong></span> <span class='ocrx_word' id='word_1_21' title='bbox 1227 845 1273 895; x_wconf 90' lang='lat' dir='ltr'><strong>ex</strong></span> <span class='ocrx_word' id='word_1_22' title='bbox 1305 818 1491 896; x_wconf 87' lang='lat' dir='ltr'><strong>ambitioso</strong></span> <span class='ocrx_word' id='word_1_23' title='bbox 1520 820 1637 896; x_wconf 88' lang='lat' dir='ltr'><strong>cordis</strong></span> <span class='ocrx_word' id='word_1_24' title='bbox 1666 819 1751 898; x_wconf 85' lang='lat' dir='ltr'><strong>elati</strong></span> <span class='ocrx_word' id='word_1_25' title='bbox 1779 820 1866 898; x_wconf 87' lang='lat' dir='ltr'><strong>deli-</strong></span> 
     </span>
     <span class='ocr_line' id='line_1_4' title="bbox 409 950 1865 1053; baseline 0.001 -25"><span class='ocrx_word' id='word_1_26' title='bbox 409 953 508 1030; x_wconf 90' lang='lat' dir='ltr'><strong>derio</strong></span> <span class='ocrx_word' id='word_1_27' title='bbox 531 950 735 1052; x_wconf 82' lang='lat' dir='ltr'><strong>appetivilse</strong></span> <span class='ocrx_word' id='word_1_28' title='bbox 759 952 898 1039; x_wconf 90' lang='lat' dir='ltr'><strong>dicitur,</strong></span> <span class='ocrx_word' id='word_1_29' title='bbox 922 976 1038 1050; x_wconf 89' lang='lat' dir='ltr'><strong>quam,</strong></span> <span class='ocrx_word' id='word_1_30' title='bbox 1064 961 1106 1025; x_wconf 88' lang='lat' dir='ltr'><strong>ut</strong></span> <span class='ocrx_word' id='word_1_31' title='bbox 1128 951 1270 1026; x_wconf 86' lang='lat' dir='ltr'><strong>virtutis</strong></span> <span class='ocrx_word' id='word_1_32' title='bbox 1296 961 1334 1026; x_wconf 90' lang='lat' dir='ltr'><strong>ct</strong></span> <span class='ocrx_word' id='word_1_33' title='bbox 1357 951 1567 1027; x_wconf 87' lang='lat' dir='ltr'><strong>eruditionis</strong></span> <span class='ocrx_word' id='word_1_34' title='bbox 1591 952 1674 1029; x_wconf 90' lang='lat' dir='ltr'><strong>suae</strong></span> <span class='ocrx_word' id='word_1_35' title='bbox 1696 953 1865 1053; x_wconf 82' lang='lat' dir='ltr'><strong>praemia,</strong></span> 
     </span>
     <span class='ocr_line' id='line_1_5' title="bbox 410 1081 1864 1186; baseline 0.003 -28"><span class='ocrx_word' id='word_1_36' title='bbox 410 1086 538 1161; x_wconf 90' lang='lat' dir='ltr'><strong>merito</strong></span> <span class='ocrx_word' id='word_1_37' title='bbox 571 1086 605 1161; x_wconf 89' lang='lat' dir='ltr'><strong>ei</strong></span> <span class='ocrx_word' id='word_1_38' title='bbox 638 1085 776 1160; x_wconf 89' lang='lat' dir='ltr'><strong>oblatos</strong></span> <span class='ocrx_word' id='word_1_39' title='bbox 808 1081 1015 1182; x_wconf 84' lang='lat' dir='ltr'><strong>suscepilse:</strong></span> <span class='ocrx_word' id='word_1_40' title='bbox 1049 1108 1165 1181; x_wconf 92' lang='lat' dir='ltr'><strong>neque</strong></span> <span class='ocrx_word' id='word_1_41' title='bbox 1198 1109 1283 1158; x_wconf 86' lang='lat' dir='ltr'><strong>vero</strong></span> <span class='ocrx_word' id='word_1_42' title='bbox 1316 1083 1431 1160; x_wconf 91' lang='lat' dir='ltr'><strong>multo</strong></span> <span class='ocrx_word' id='word_1_43' title='bbox 1464 1083 1660 1160; x_wconf 80' lang='lat' dir='ltr'><strong>intermilfo</strong></span> <span class='ocrx_word' id='word_1_44' title='bbox 1691 1096 1864 1186; x_wconf 86' lang='lat' dir='ltr'><strong>tempore,</strong></span> 
     </span>
     <span class='ocr_line' id='line_1_6' title="bbox 409 1214 1867 1317; baseline -0.001 -23"><span class='ocrx_word' id='word_1_45' title='bbox 409 1218 695 1294; x_wconf 81' lang='lat' dir='ltr'><strong>anachoreticam</strong></span> <span class='ocrx_word' id='word_1_46' title='bbox 736 1218 847 1292; x_wconf 84' lang='lat' dir='ltr'><strong>vitam</strong></span> <span class='ocrx_word' id='word_1_47' title='bbox 880 1240 986 1316; x_wconf 86' lang='lat' dir='ltr'><strong>agere</strong></span> <span class='ocrx_word' id='word_1_48' title='bbox 1021 1214 1158 1291; x_wconf 90' lang='lat' dir='ltr'><strong>summo</strong></span> <span class='ocrx_word' id='word_1_49' title='bbox 1191 1214 1352 1291; x_wconf 73' lang='lat' dir='ltr'><strong>donorio</strong></span> <span class='ocrx_word' id='word_1_50' title='bbox 1386 1216 1549 1316; x_wconf 83' lang='lat' dir='ltr'><strong>expetit3</strong></span> <span class='ocrx_word' id='word_1_51' title='bbox 1591 1216 1741 1293; x_wconf 90' lang='lat' dir='ltr'><strong>insulam</strong></span> <span class='ocrx_word' id='word_1_52' title='bbox 1780 1243 1867 1317; x_wconf 83' lang='lat' dir='ltr'><strong>crgo</strong></span> 
     </span>
     <span class='ocr_line' id='line_1_7' title="bbox 411 1347 1867 1449; baseline 0.003 -26"><span class='ocrx_word' id='word_1_53' title='bbox 411 1348 594 1438; x_wconf 79' lang='lat' dir='ltr'><strong>desertam,</strong></span> <span class='ocrx_word' id='word_1_54' title='bbox 624 1351 682 1426; x_wconf 92' lang='lat' dir='ltr'><strong>cui</strong></span> <span class='ocrx_word' id='word_1_55' title='bbox 716 1374 847 1425; x_wconf 92' lang='lat' dir='ltr'><strong>nomen</strong></span> <span class='ocrx_word' id='word_1_56' title='bbox 875 1349 1069 1437; x_wconf 69' lang='lat' dir='ltr'><strong>Farnenfis</strong></span> <span class='ocrx_word' id='word_1_57' title='bbox 1103 1348 1244 1425; x_wconf 82' lang='lat' dir='ltr'><strong>circiter</strong></span> <span class='ocrx_word' id='word_1_58' title='bbox 1277 1374 1405 1425; x_wconf 87' lang='lat' dir='ltr'><strong>novem</strong></span> <span class='ocrx_word' id='word_1_59' title='bbox 1437 1350 1596 1426; x_wconf 86' lang='lat' dir='ltr'><strong>millibus</strong></span> <span class='ocrx_word' id='word_1_60' title='bbox 1627 1347 1788 1449; x_wconf 80' lang='lat' dir='ltr'><strong>pulsuum</strong></span> <span class='ocrx_word' id='word_1_61' title='bbox 1820 1353 1867 1428; x_wconf 88' lang='lat' dir='ltr'><strong>ab</strong></span> 
     </span>
     <span class='ocr_line' id='line_1_8' title="bbox 411 1481 1867 1583; baseline 0.001 -27"><span class='ocrx_word' id='word_1_62' title='bbox 411 1481 598 1582; x_wconf 89' lang='lat' dir='ltr'><strong>episcopali</strong></span> <span class='ocrx_word' id='word_1_63' title='bbox 634 1484 695 1560; x_wconf 91' lang='lat' dir='ltr'><strong>sua</strong></span> <span class='ocrx_word' id='word_1_64' title='bbox 723 1483 803 1559; x_wconf 89' lang='lat' dir='ltr'><strong>sede</strong></span> <span class='ocrx_word' id='word_1_65' title='bbox 834 1492 1019 1570; x_wconf 80' lang='lat' dir='ltr'><strong>remotam,</strong></span> <span class='ocrx_word' id='word_1_66' title='bbox 1050 1493 1087 1557; x_wconf 92' lang='lat' dir='ltr'><strong>et</strong></span> <span class='ocrx_word' id='word_1_67' title='bbox 1116 1483 1154 1557; x_wconf 94' lang='lat' dir='ltr'><strong>in</strong></span> <span class='ocrx_word' id='word_1_68' title='bbox 1188 1483 1403 1559; x_wconf 80' lang='lat' dir='ltr'><strong>Gemanica</strong></span> <span class='ocrx_word' id='word_1_69' title='bbox 1435 1483 1577 1558; x_wconf 81' lang='lat' dir='ltr'><strong>Oceano</strong></span> <span class='ocrx_word' id='word_1_70' title='bbox 1610 1481 1720 1570; x_wconf 82' lang='lat' dir='ltr'><strong>litam,</strong></span> <span class='ocrx_word' id='word_1_71' title='bbox 1752 1483 1867 1583; x_wconf 82' lang='lat' dir='ltr'><strong>petiit,</strong></span> 
     </span>
     <span class='ocr_line' id='line_1_9' title="bbox 412 1615 1868 1692; baseline 0.003 -4"><span class='ocrx_word' id='word_1_72' title='bbox 412 1615 473 1690; x_wconf 91' lang='lat' dir='ltr'><strong>ubi</strong></span> <span class='ocrx_word' id='word_1_73' title='bbox 500 1640 671 1692; x_wconf 90' lang='lat' dir='ltr'><strong>manuum</strong></span> <span class='ocrx_word' id='word_1_74' title='bbox 696 1615 839 1692; x_wconf 88' lang='lat' dir='ltr'><strong>suarum</strong></span> <span class='ocrx_word' id='word_1_75' title='bbox 862 1616 985 1690; x_wconf 91' lang='lat' dir='ltr'><strong>labore</strong></span> <span class='ocrx_word' id='word_1_76' title='bbox 1010 1615 1147 1690; x_wconf 75' lang='lat' dir='ltr'><strong>vicium</strong></span> <span class='ocrx_word' id='word_1_77' title='bbox 1176 1626 1214 1690; x_wconf 86' lang='lat' dir='ltr'><strong>et</strong></span> <span class='ocrx_word' id='word_1_78' title='bbox 1239 1616 1412 1692; x_wconf 66' lang='lat' dir='ltr'><strong>amisium</strong></span> <span class='ocrx_word' id='word_1_79' title='bbox 1436 1615 1611 1692; x_wconf 87' lang='lat' dir='ltr'><strong>toleravit.</strong></span> <span class='ocrx_word' id='word_1_80' title='bbox 1662 1617 1721 1692; x_wconf 86' lang='lat' dir='ltr'><strong>Ab</strong></span> <span class='ocrx_word' id='word_1_81' title='bbox 1747 1640 1868 1692; x_wconf 87' lang='lat' dir='ltr'><strong>eremo</strong></span> 
     </span>
     <span class='ocr_line' id='line_1_10' title="bbox 411 1747 1869 1849; baseline 0.002 -28"><span class='ocrx_word' id='word_1_82' title='bbox 411 1757 532 1823; x_wconf 90' lang='lat' dir='ltr'><strong>autem</strong></span> <span class='ocrx_word' id='word_1_83' title='bbox 561 1750 669 1824; x_wconf 86' lang='lat' dir='ltr'><strong>nullis</strong></span> <span class='ocrx_word' id='word_1_84' title='bbox 696 1749 861 1848; x_wconf 89' lang='lat' dir='ltr'><strong>precibus</strong></span> <span class='ocrx_word' id='word_1_85' title='bbox 893 1747 999 1822; x_wconf 88' lang='lat' dir='ltr'><strong>avelli</strong></span> <span class='ocrx_word' id='word_1_86' title='bbox 1031 1758 1183 1845; x_wconf 88' lang='lat' dir='ltr'><strong>poterat,</strong></span> <span class='ocrx_word' id='word_1_87' title='bbox 1221 1750 1333 1825; x_wconf 88' lang='lat' dir='ltr'><strong>donec</strong></span> <span class='ocrx_word' id='word_1_88' title='bbox 1365 1751 1511 1824; x_wconf 85' lang='lat' dir='ltr'><strong>tandem</strong></span> <span class='ocrx_word' id='word_1_89' title='bbox 1540 1775 1605 1824; x_wconf 88' lang='lat' dir='ltr'><strong>rex</strong></span> <span class='ocrx_word' id='word_1_90' title='bbox 1638 1749 1712 1849; x_wconf 87' lang='lat' dir='ltr'><strong>ipse</strong></span> <span class='ocrx_word' id='word_1_91' title='bbox 1744 1751 1783 1825; x_wconf 91' lang='lat' dir='ltr'><strong>in</strong></span> <span class='ocrx_word' id='word_1_92' title='bbox 1815 1751 1869 1824; x_wconf 91' lang='lat' dir='ltr'><strong>in-</strong></span> 
     </span>
     <span class='ocr_line' id='line_1_11' title="bbox 411 1879 1870 1981; baseline 0.004 -28"><span class='ocrx_word' id='word_1_93' title='bbox 411 1879 524 1957; x_wconf 86' lang='lat' dir='ltr'><strong>sulam</strong></span> <span class='ocrx_word' id='word_1_94' title='bbox 556 1882 745 1981; x_wconf 83' lang='lat' dir='ltr'><strong>trajiciens,</strong></span> <span class='ocrx_word' id='word_1_95' title='bbox 773 1880 869 1956; x_wconf 93' lang='lat' dir='ltr'><strong>haud</strong></span> <span class='ocrx_word' id='word_1_96' title='bbox 898 1905 1009 1978; x_wconf 87' lang='lat' dir='ltr'><strong>parvo</strong></span> <span class='ocrx_word' id='word_1_97' title='bbox 1038 1880 1182 1979; x_wconf 83' lang='lat' dir='ltr'><strong>negotio</strong></span> <span class='ocrx_word' id='word_1_98' title='bbox 1208 1881 1276 1957; x_wconf 93' lang='lat' dir='ltr'><strong>hoc</strong></span> <span class='ocrx_word' id='word_1_99' title='bbox 1304 1883 1351 1958; x_wconf 91' lang='lat' dir='ltr'><strong>ab</strong></span> <span class='ocrx_word' id='word_1_100' title='bbox 1384 1907 1428 1957; x_wconf 90' lang='lat' dir='ltr'><strong>eo</strong></span> <span class='ocrx_word' id='word_1_101' title='bbox 1459 1881 1673 1980; x_wconf 81' lang='lat' dir='ltr'><strong>impetravit</strong></span> <span class='ocrx_word' id='word_1_102' title='bbox 1741 1883 1870 1959; x_wconf 84' lang='lat' dir='ltr'><strong>Consc-</strong></span> 
     </span>
     <span class='ocr_line' id='line_1_12' title="bbox 412 2011 1871 2120; baseline 0.003 -34"><span class='ocrx_word' id='word_1_103' title='bbox 412 2023 532 2089; x_wconf 89' lang='lat' dir='ltr'><strong>cratus</strong></span> <span class='ocrx_word' id='word_1_104' title='bbox 563 2015 612 2089; x_wconf 89' lang='lat' dir='ltr'><strong>est</strong></span> <span class='ocrx_word' id='word_1_105' title='bbox 647 2014 758 2120; x_wconf 86' lang='lat' dir='ltr'><strong>igitur</strong></span> <span class='ocrx_word' id='word_1_106' title='bbox 791 2013 944 2087; x_wconf 88' lang='lat' dir='ltr'><strong>Eboraci</strong></span> <span class='ocrx_word' id='word_1_107' title='bbox 974 2014 1020 2087; x_wconf 89' lang='lat' dir='ltr'><strong>ab</strong></span> <span class='ocrx_word' id='word_1_108' title='bbox 1052 2012 1312 2111; x_wconf 83' lang='lat' dir='ltr'><strong>archiepiscopo</strong></span> <span class='ocrx_word' id='word_1_109' title='bbox 1345 2011 1587 2089; x_wconf 75' lang='lat' dir='ltr'><strong>Canluarlenfi</strong></span> <span class='ocrx_word' id='word_1_110' title='bbox 1619 2013 1755 2090; x_wconf 87' lang='lat' dir='ltr'><strong>solenni</strong></span> <span class='ocrx_word' id='word_1_111' title='bbox 1787 2039 1871 2090; x_wconf 90' lang='lat' dir='ltr'><strong>con·</strong></span> 
     </span>
     <span class='ocr_line' id='line_1_13' title="bbox 412 2142 1871 2244; baseline 0.002 -25"><span class='ocrx_word' id='word_1_112' title='bbox 412 2144 512 2219; x_wconf 88' lang='lat' dir='ltr'><strong>cionc</strong></span> <span class='ocrx_word' id='word_1_113' title='bbox 542 2154 580 2219; x_wconf 89' lang='lat' dir='ltr'><strong>et</strong></span> <span class='ocrx_word' id='word_1_114' title='bbox 607 2145 796 2244; x_wconf 79' lang='lat' dir='ltr'><strong>magnifico</strong></span> <span class='ocrx_word' id='word_1_115' title='bbox 821 2169 863 2218; x_wconf 89' lang='lat' dir='ltr'><strong>ac</strong></span> <span class='ocrx_word' id='word_1_116' title='bbox 889 2142 1024 2218; x_wconf 90' lang='lat' dir='ltr'><strong>solenni</strong></span> <span class='ocrx_word' id='word_1_117' title='bbox 1050 2166 1191 2218; x_wconf 85' lang='lat' dir='ltr'><strong>corona</strong></span> <span class='ocrx_word' id='word_1_118' title='bbox 1255 2144 1346 2219; x_wconf 84' lang='lat' dir='ltr'><strong>Cum</strong></span> <span class='ocrx_word' id='word_1_119' title='bbox 1375 2155 1496 2219; x_wconf 85' lang='lat' dir='ltr'><strong>autem</strong></span> <span class='ocrx_word' id='word_1_120' title='bbox 1525 2145 1673 2220; x_wconf 82' lang='lat' dir='ltr'><strong>vixdum</strong></span> <span class='ocrx_word' id='word_1_121' title='bbox 1698 2145 1871 2222; x_wconf 87' lang='lat' dir='ltr'><strong>secundus</strong></span> 
     </span>
     <span class='ocr_line' id='line_1_14' title="bbox 412 2271 1870 2388; baseline 0.004 -40"><span class='ocrx_word' id='word_1_122' title='bbox 412 2273 634 2374; x_wconf 87' lang='lat' dir='ltr'><strong>episcopatus</strong></span> <span class='ocrx_word' id='word_1_123' title='bbox 666 2275 718 2351; x_wconf 95' lang='lat' dir='ltr'><strong>sui</strong></span> <span class='ocrx_word' id='word_1_124' title='bbox 752 2274 902 2388; x_wconf 34' lang='lat' dir='ltr'><strong>elapsus·</strong></span> <span class='ocrx_word' id='word_1_125' title='bbox 921 2271 1007 2350; x_wconf 86' lang='lat' dir='ltr'><strong>effet</strong></span> <span class='ocrx_word' id='word_1_126' title='bbox 1039 2299 1163 2362; x_wconf 86' lang='lat' dir='ltr'><strong>annus,</strong></span> <span class='ocrx_word' id='word_1_127' title='bbox 1197 2277 1273 2375; x_wconf 90' lang='lat' dir='ltr'><strong>ejus</strong></span> <span class='ocrx_word' id='word_1_128' title='bbox 1298 2275 1479 2375; x_wconf 89' lang='lat' dir='ltr'><strong>pertaesus</strong></span> <span class='ocrx_word' id='word_1_129' title='bbox 1505 2278 1725 2353; x_wconf 85' lang='lat' dir='ltr'><strong>eremiticam</strong></span> <span class='ocrx_word' id='word_1_130' title='bbox 1758 2279 1870 2355; x_wconf 80' lang='lat' dir='ltr'><strong>vitam</strong></span> 
     </span>
     <span class='ocr_line' id='line_1_15' title="bbox 412 2405 1868 2507; baseline 0.004 -26"><span class='ocrx_word' id='word_1_131' title='bbox 412 2407 541 2505; x_wconf 92' lang='lat' dir='ltr'><strong>cupide</strong></span> <span class='ocrx_word' id='word_1_132' title='bbox 565 2407 719 2506; x_wconf 81' lang='lat' dir='ltr'><strong>repetiit,</strong></span> <span class='ocrx_word' id='word_1_133' title='bbox 744 2407 953 2507; x_wconf 86' lang='lat' dir='ltr'><strong>pontificatu</strong></span> <span class='ocrx_word' id='word_1_134' title='bbox 977 2405 1039 2480; x_wconf 92' lang='lat' dir='ltr'><strong>suo</strong></span> <span class='ocrx_word' id='word_1_135' title='bbox 1062 2405 1186 2504; x_wconf 87' lang='lat' dir='ltr'><strong>sponte</strong></span> <span class='ocrx_word' id='word_1_136' title='bbox 1212 2409 1385 2496; x_wconf 88' lang='lat' dir='ltr'><strong>abdicato,</strong></span> <span class='ocrx_word' id='word_1_137' title='bbox 1415 2410 1478 2484; x_wconf 93' lang='lat' dir='ltr'><strong>ubi</strong></span> <span class='ocrx_word' id='word_1_138' title='bbox 1502 2409 1612 2484; x_wconf 83' lang='lat' dir='ltr'><strong>etlam</strong></span> <span class='ocrx_word' id='word_1_139' title='bbox 1638 2411 1733 2486; x_wconf 85' lang='lat' dir='ltr'><strong>vitae</strong></span> <span class='ocrx_word' id='word_1_140' title='bbox 1758 2412 1868 2489; x_wconf 86' lang='lat' dir='ltr'><strong>finem</strong></span> 
     </span>
     <span class='ocr_line' id='line_1_16' title="bbox 414 2539 1867 2639; baseline 0.003 -25"><span class='ocrx_word' id='word_1_141' title='bbox 414 2541 508 2616; x_wconf 78' lang='lat' dir='ltr'><strong>fecit.</strong></span> <span class='ocrx_word' id='word_1_142' title='bbox 558 2542 602 2616; x_wconf 93' lang='lat' dir='ltr'><strong>In</strong></span> <span class='ocrx_word' id='word_1_143' title='bbox 629 2541 800 2617; x_wconf 85' lang='lat' dir='ltr'><strong>coenobia</strong></span> <span class='ocrx_word' id='word_1_144' title='bbox 823 2540 885 2616; x_wconf 91' lang='lat' dir='ltr'><strong>sua</strong></span> <span class='ocrx_word' id='word_1_145' title='bbox 911 2539 1078 2615; x_wconf 88' lang='lat' dir='ltr'><strong>mulieres</strong></span> <span class='ocrx_word' id='word_1_146' title='bbox 1101 2540 1239 2639; x_wconf 82' lang='lat' dir='ltr'><strong>ingredi</strong></span> <span class='ocrx_word' id='word_1_147' title='bbox 1268 2566 1341 2616; x_wconf 92' lang='lat' dir='ltr'><strong>non</strong></span> <span class='ocrx_word' id='word_1_148' title='bbox 1366 2541 1420 2617; x_wconf 87' lang='lat' dir='ltr'><strong>sas</strong></span> <span class='ocrx_word' id='word_1_149' title='bbox 1444 2552 1532 2627; x_wconf 85' lang='lat' dir='ltr'><strong>erat,</strong></span> <span class='ocrx_word' id='word_1_150' title='bbox 1558 2567 1604 2615; x_wconf 83' lang='lat' dir='ltr'><strong>ex</strong></span> <span class='ocrx_word' id='word_1_151' title='bbox 1625 2543 1769 2619; x_wconf 86' lang='lat' dir='ltr'><strong>decreto</strong></span> <span class='ocrx_word' id='word_1_152' title='bbox 1795 2543 1867 2631; x_wconf 88' lang='lat' dir='ltr'><strong>suo,</strong></span> 
     </span>
     <span class='ocr_line' id='line_1_17' title="bbox 414 2669 1870 2773; baseline 0.003 -27"><span class='ocrx_word' id='word_1_153' title='bbox 414 2673 514 2772; x_wconf 85' lang='lat' dir='ltr'><strong>cujus</strong></span> <span class='ocrx_word' id='word_1_154' title='bbox 542 2673 596 2747; x_wconf 86' lang='lat' dir='ltr'><strong>rei</strong></span> <span class='ocrx_word' id='word_1_155' title='bbox 623 2674 800 2748; x_wconf 86' lang='lat' dir='ltr'><strong>rationem</strong></span> <span class='ocrx_word' id='word_1_156' title='bbox 832 2672 950 2747; x_wconf 90' lang='lat' dir='ltr'><strong>reddit</strong></span> <span class='ocrx_word' id='word_1_157' title='bbox 982 2669 1194 2748; x_wconf 84' lang='lat' dir='ltr'><strong>venerabilis</strong></span> <span class='ocrx_word' id='word_1_158' title='bbox 1227 2673 1335 2749; x_wconf 85' lang='lat' dir='ltr'><strong>Beda</strong></span> <span class='ocrx_word' id='word_1_159' title='bbox 1403 2673 1563 2748; x_wconf 90' lang='lat' dir='ltr'><strong>Plurima</strong></span> <span class='ocrx_word' id='word_1_160' title='bbox 1594 2671 1758 2771; x_wconf 85' lang='lat' dir='ltr'><strong>scripsrlse</strong></span> <span class='ocrx_word' id='word_1_161' title='bbox 1789 2699 1870 2773; x_wconf 87' lang='lat' dir='ltr'><strong>per·</strong></span> 
     </span>
     <span class='ocr_line' id='line_1_18' title="bbox 415 2806 789 2903; baseline 0.003 -24"><span class='ocrx_word' id='word_1_162' title='bbox 415 2806 568 2893; x_wconf 91' lang='lat' dir='ltr'><strong>hibetur,</strong></span> <span class='ocrx_word' id='word_1_163' title='bbox 586 2806 681 2880; x_wconf 89' lang='lat' dir='ltr'><strong>inter</strong></span> <span class='ocrx_word' id='word_1_164' title='bbox 697 2830 789 2903; x_wconf 88' lang='lat' dir='ltr'><strong>quae</strong></span> 
     </span>
     <span class='ocr_line' id='line_1_19' title="bbox 565 2934 1233 3022; baseline -0.009 -8"><span class='ocrx_word' id='word_1_165' title='bbox 565 2937 815 3013; x_wconf 85' lang='lat' dir='ltr'><strong>Ordinationes</strong></span> <span class='ocrx_word' id='word_1_166' title='bbox 830 2935 912 3012; x_wconf 88' lang='lat' dir='ltr'><strong>suae</strong></span> <span class='ocrx_word' id='word_1_167' title='bbox 929 2934 1113 3022; x_wconf 87' lang='lat' dir='ltr'><strong>Ecclesiae,</strong></span> <span class='ocrx_word' id='word_1_168' title='bbox 1131 2936 1191 3010; x_wconf 91' lang='lat' dir='ltr'><strong>lib.</strong></span> <span class='ocrx_word' id='word_1_169' title='bbox 1209 2956 1233 3008; x_wconf 93' lang='lat'><strong>1.</strong></span> 
     </span>
     <span class='ocr_line' id='line_1_20' title="bbox 565 3067 1242 3168; baseline -0.009 -22"><span class='ocrx_word' id='word_1_170' title='bbox 565 3071 761 3168; x_wconf 87' lang='lat' dir='ltr'><strong>Praecepta</strong></span> <span class='ocrx_word' id='word_1_171' title='bbox 777 3069 882 3144; x_wconf 87' lang='lat' dir='ltr'><strong>Vitae</strong></span> <span class='ocrx_word' id='word_1_172' title='bbox 899 3068 1121 3154; x_wconf 87' lang='lat' dir='ltr'><strong>Monasticae,</strong></span> <span class='ocrx_word' id='word_1_173' title='bbox 1139 3067 1199 3142; x_wconf 89' lang='lat' dir='ltr'><strong>lib.</strong></span> <span class='ocrx_word' id='word_1_174' title='bbox 1217 3089 1242 3140; x_wconf 92' lang='lat'><strong>1.</strong></span> 
     </span>
    </p>

    <p class='ocr_par' dir='ltr' id='par_1_3' title="bbox 417 3198 1873 3962">
     <span class='ocr_line' id='line_1_21' title="bbox 417 3198 1870 3297; baseline -0.002 -20"><span class='ocrx_word' id='word_1_175' title='bbox 417 3205 461 3277; x_wconf 93' lang='lat' dir='ltr'><strong>In</strong></span> <span class='ocrx_word' id='word_1_176' title='bbox 491 3203 655 3278; x_wconf 86' lang='lat' dir='ltr'><strong>humanis</strong></span> <span class='ocrx_word' id='word_1_177' title='bbox 684 3199 752 3276; x_wconf 84' lang='lat' dir='ltr'><strong>else</strong></span> <span class='ocrx_word' id='word_1_178' title='bbox 784 3199 884 3277; x_wconf 86' lang='lat' dir='ltr'><strong>desiit</strong></span> <span class='ocrx_word' id='word_1_179' title='bbox 918 3205 991 3275; x_wconf 89' lang='grc'><strong>688</strong></span> <span class='ocrx_word' id='word_1_180' title='bbox 1025 3224 1119 3274; x_wconf 85' lang='lat' dir='ltr'><strong>anno</strong></span> <span class='ocrx_word' id='word_1_181' title='bbox 1145 3199 1322 3273; x_wconf 91' lang='lat' dir='ltr'><strong>humanae</strong></span> <span class='ocrx_word' id='word_1_182' title='bbox 1351 3198 1614 3297; x_wconf 79' lang='lat' dir='ltr'><strong>redemptionis</strong></span> <span class='ocrx_word' id='word_1_183' title='bbox 1670 3199 1704 3273; x_wconf 82' lang='lat' dir='ltr'>A</span> <span class='ocrx_word' id='word_1_184' title='bbox 1735 3198 1870 3274; x_wconf 87' lang='lat' dir='ltr'><strong>Lindis·</strong></span> 
     </span>
     <span class='ocr_line' id='line_1_22' title="bbox 417 3330 1871 3429; baseline -0.001 -20"><span class='ocrx_word' id='word_1_185' title='bbox 417 3336 519 3410; x_wconf 81' lang='lat' dir='ltr'><strong>sarna</strong></span> <span class='ocrx_word' id='word_1_186' title='bbox 550 3333 769 3408; x_wconf 88' lang='lat' dir='ltr'><strong>Dunelmum</strong></span> <span class='ocrx_word' id='word_1_187' title='bbox 801 3332 1009 3406; x_wconf 84' lang='lat' dir='ltr'><strong>translatum</strong></span> <span class='ocrx_word' id='word_1_188' title='bbox 1043 3331 1092 3404; x_wconf 86' lang='lat' dir='ltr'><strong>est</strong></span> <span class='ocrx_word' id='word_1_189' title='bbox 1125 3330 1200 3428; x_wconf 87' lang='lat' dir='ltr'><strong>ejus</strong></span> <span class='ocrx_word' id='word_1_190' title='bbox 1232 3353 1370 3428; x_wconf 92' lang='lat' dir='ltr'><strong>corpus,</strong></span> <span class='ocrx_word' id='word_1_191' title='bbox 1403 3330 1479 3429; x_wconf 82' lang='lat' dir='ltr'><strong>poli</strong></span> <span class='ocrx_word' id='word_1_192' title='bbox 1517 3333 1592 3404; x_wconf 87' lang='lat'><strong>414</strong></span> <span class='ocrx_word' id='word_1_193' title='bbox 1630 3355 1743 3407; x_wconf 84' lang='lat' dir='ltr'><strong>annos</strong></span> <span class='ocrx_word' id='word_1_194' title='bbox 1775 3333 1871 3429; x_wconf 93' lang='lat' dir='ltr'><strong>quod</strong></span> 
     </span>
     <span class='ocr_line' id='line_1_23' title="bbox 417 3461 1871 3565; baseline -0.003 -22"><span class='ocrx_word' id='word_1_195' title='bbox 417 3467 592 3565; x_wconf 91' lang='lat' dir='ltr'><strong>templum</strong></span> <span class='ocrx_word' id='word_1_196' title='bbox 616 3465 857 3540; x_wconf 70' lang='lat' dir='ltr'><strong>construitum</strong></span> <span class='ocrx_word' id='word_1_197' title='bbox 879 3465 929 3538; x_wconf 87' lang='lat' dir='ltr'><strong>eli</strong></span> <span class='ocrx_word' id='word_1_198' title='bbox 952 3489 975 3538; x_wconf 92' lang='lat' dir='ltr'><strong>a</strong></span> <span class='ocrx_word' id='word_1_199' title='bbox 999 3462 1189 3538; x_wconf 91' lang='lat' dir='ltr'><strong>Malcolmo</strong></span> <span class='ocrx_word' id='word_1_200' title='bbox 1211 3485 1295 3560; x_wconf 87' lang='lat' dir='ltr'><strong>rege</strong></span> <span class='ocrx_word' id='word_1_201' title='bbox 1320 3461 1518 3535; x_wconf 87' lang='lat' dir='ltr'><strong>Scotorum.</strong></span> <span class='ocrx_word' id='word_1_202' title='bbox 1569 3462 1729 3539; x_wconf 90' lang='lat' dir='ltr'><strong>Plurima</strong></span> <span class='ocrx_word' id='word_1_203' title='bbox 1749 3475 1871 3540; x_wconf 80' lang='lat' dir='ltr'><strong>autem</strong></span> 
     </span>
     <span class='ocr_line' id='line_1_24' title="bbox 417 3591 1873 3700; baseline -0.001 -26"><span class='ocrx_word' id='word_1_204' title='bbox 417 3597 552 3700; x_wconf 86' lang='lat' dir='ltr'><strong>templa</strong></span> <span class='ocrx_word' id='word_1_205' title='bbox 584 3598 783 3673; x_wconf 84' lang='lat' dir='ltr'><strong>Cuthberto</strong></span> <span class='ocrx_word' id='word_1_206' title='bbox 816 3596 943 3682; x_wconf 70' lang='lat' dir='ltr'><strong>desta</strong></span> <span class='ocrx_word' id='word_1_207' title='bbox 976 3596 1015 3669; x_wconf 92' lang='lat' dir='ltr'><strong>in</strong></span> <span class='ocrx_word' id='word_1_208' title='bbox 1047 3594 1258 3670; x_wconf 89' lang='lat' dir='ltr'><strong>hodiemnm</strong></span> <span class='ocrx_word' id='word_1_209' title='bbox 1297 3591 1406 3690; x_wconf 89' lang='lat' dir='ltr'><strong>usque</strong></span> <span class='ocrx_word' id='word_1_210' title='bbox 1446 3592 1541 3667; x_wconf 86' lang='lat' dir='ltr'><strong>diem</strong></span> <span class='ocrx_word' id='word_1_211' title='bbox 1573 3595 1668 3692; x_wconf 91' lang='lat' dir='ltr'><strong>apud</strong></span> <span class='ocrx_word' id='word_1_212' title='bbox 1701 3595 1873 3672; x_wconf 84' lang='lat' dir='ltr'><strong>nostrates</strong></span> 
     </span>
     <span class='ocr_line' id='line_1_25' title="bbox 418 3725 1873 3830; baseline -0.003 -22"><span class='ocrx_word' id='word_1_213' title='bbox 418 3731 707 3830; x_wconf 86' lang='lat' dir='ltr'><strong>conspiciuntur;</strong></span> <span class='ocrx_word' id='word_1_214' title='bbox 737 3754 782 3804; x_wconf 87' lang='lat' dir='ltr'><strong>ex</strong></span> <span class='ocrx_word' id='word_1_215' title='bbox 810 3729 867 3804; x_wconf 88' lang='lat' dir='ltr'><strong>his</strong></span> <span class='ocrx_word' id='word_1_216' title='bbox 896 3753 1007 3803; x_wconf 91' lang='lat' dir='ltr'><strong>unum</strong></span> <span class='ocrx_word' id='word_1_217' title='bbox 1035 3753 1146 3827; x_wconf 89' lang='lat' dir='ltr'><strong>prope</strong></span> <span class='ocrx_word' id='word_1_218' title='bbox 1176 3725 1432 3824; x_wconf 81' lang='lat' dir='ltr'><strong>Edinburgum</strong></span> <span class='ocrx_word' id='word_1_219' title='bbox 1462 3725 1649 3822; x_wconf 91' lang='lat' dir='ltr'><strong>antiquum</strong></span> <span class='ocrx_word' id='word_1_220' title='bbox 1677 3726 1767 3803; x_wconf 89' lang='lat' dir='ltr'><strong>illud</strong></span> <span class='ocrx_word' id='word_1_221' title='bbox 1795 3728 1873 3825; x_wconf 91' lang='lat' dir='ltr'><strong>qui-</strong></span> 
     </span>
     <span class='ocr_line' id='line_1_26' title="bbox 418 3856 1697 3962; baseline -0.005 -23"><span class='ocrx_word' id='word_1_222' title='bbox 418 3865 510 3951; x_wconf 91' lang='lat' dir='ltr'><strong>dem,</strong></span> <span class='ocrx_word' id='word_1_223' title='bbox 528 3864 635 3962; x_wconf 85' lang='lat' dir='ltr'><strong>vulgo</strong></span> <span class='ocrx_word' id='word_1_224' title='bbox 650 3861 878 3937; x_wconf 90' lang='lat' dir='ltr'><strong>Occidentale</strong></span> <span class='ocrx_word' id='word_1_225' title='bbox 894 3861 1090 3960; x_wconf 85' lang='lat' dir='ltr'><strong>Templum.</strong></span> <span class='ocrx_word' id='word_1_226' title='bbox 1141 3857 1279 3935; x_wconf 82' lang='lat' dir='ltr'><strong>Clarnit</strong></span> <span class='ocrx_word' id='word_1_227' title='bbox 1294 3856 1357 3933; x_wconf 90' lang='lat' dir='ltr'><strong>sub</strong></span> <span class='ocrx_word' id='word_1_228' title='bbox 1374 3857 1536 3957; x_wconf 85' lang='lat' dir='ltr'><strong>Eugenio</strong></span> <span class='ocrx_word' id='word_1_229' title='bbox 1552 3857 1697 3947; x_wconf 79' lang='lat' dir='ltr'><strong>Quinto.</strong></span> 
     </span>
    </p>
   </div>
   <div class='ocr_carea' id='block_1_3' title="bbox 993 4153 1300 4249">
    <p class='ocr_par' dir='ltr' id='par_1_4' title="bbox 993 4153 1300 4249">
     <span class='ocr_line' id='line_1_27' title="bbox 993 4153 1300 4249; baseline 0.003 -22"><span class='ocrx_word' id='word_1_230' title='bbox 993 4153 1061 4249; x_wconf 82' lang='lat' dir='ltr'><strong>nn</strong></span> <span class='ocrx_word' id='word_1_231' title='bbox 1086 4153 1300 4230; x_wconf 69' lang='lat' dir='ltr'><strong>annno,</strong></span> 
     </span>
    </p>
   </div>
   <div class='ocr_carea' id='block_1_4' title="bbox 298 4384 1877 4883">
    <p class='ocr_par' dir='ltr' id='par_1_5' title="bbox 298 4384 1877 4883">
     <span class='ocr_line' id='line_1_28' title="bbox 422 4384 1876 4487; baseline 0.001 -23"><span class='ocrx_word' id='word_1_232' title='bbox 422 4389 623 4474; x_wconf 74' lang='lat' dir='ltr'><strong>Krnrartus,</strong></span> <span class='ocrx_word' id='word_1_233' title='bbox 654 4387 710 4462; x_wconf 88' lang='lat' dir='ltr'><strong>vel</strong></span> <span class='ocrx_word' id='word_1_234' title='bbox 739 4384 932 4472; x_wconf 75' lang='lat' dir='ltr'><strong>chilianum,</strong></span> <span class='ocrx_word' id='word_1_235' title='bbox 961 4384 1148 4460; x_wconf 88' lang='lat' dir='ltr'><strong>Scotorum</strong></span> <span class='ocrx_word' id='word_1_236' title='bbox 1174 4407 1306 4484; x_wconf 82' lang='lat' dir='ltr'><strong>genere</strong></span> <span class='ocrx_word' id='word_1_237' title='bbox 1332 4384 1510 4461; x_wconf 86' lang='lat' dir='ltr'><strong>nobilibus</strong></span> <span class='ocrx_word' id='word_1_238' title='bbox 1535 4397 1636 4463; x_wconf 86' lang='lat' dir='ltr'><strong>ortus</strong></span> <span class='ocrx_word' id='word_1_239' title='bbox 1658 4391 1876 4487; x_wconf 77' lang='lat' dir='ltr'><strong>parentibus</strong></span> 
     </span>
     <span class='ocr_line' id='line_1_29' title="bbox 421 4516 1877 4619; baseline 0.001 -23"><span class='ocrx_word' id='word_1_240' title='bbox 421 4547 444 4596; x_wconf 90' lang='lat' dir='ltr'><strong>a</strong></span> <span class='ocrx_word' id='word_1_241' title='bbox 466 4519 620 4619; x_wconf 89' lang='lat' dir='ltr'><strong>pueritia</strong></span> <span class='ocrx_word' id='word_1_242' title='bbox 643 4518 848 4594; x_wconf 87' lang='lat' dir='ltr'><strong>liberalibus</strong></span> <span class='ocrx_word' id='word_1_243' title='bbox 876 4516 998 4593; x_wconf 84' lang='lat' dir='ltr'><strong>studiis</strong></span> <span class='ocrx_word' id='word_1_244' title='bbox 1021 4517 1197 4603; x_wconf 89' lang='lat' dir='ltr'><strong>traditus;</strong></span> <span class='ocrx_word' id='word_1_245' title='bbox 1219 4525 1335 4613; x_wconf 91' lang='lat' dir='ltr'><strong>utque</strong></span> <span class='ocrx_word' id='word_1_246' title='bbox 1365 4526 1443 4591; x_wconf 86' lang='lat' dir='ltr'><strong>erat</strong></span> <span class='ocrx_word' id='word_1_247' title='bbox 1467 4517 1562 4593; x_wconf 85' lang='lat' dir='ltr'><strong>felici</strong></span> <span class='ocrx_word' id='word_1_248' title='bbox 1587 4529 1624 4593; x_wconf 90' lang='lat' dir='ltr'><strong>et</strong></span> <span class='ocrx_word' id='word_1_249' title='bbox 1647 4521 1877 4619; x_wconf 86' lang='lat' dir='ltr'><strong>praecellenti</strong></span> 
     </span>
     <span class='ocr_line' id='line_1_30' title="bbox 298 4648 1877 4757; baseline 0.003 -32"><span class='ocrx_word' id='word_1_250' title='bbox 298 4705 300 4708; x_wconf 27' lang='grc' dir='ltr'><em>ψ</em></span> <span class='ocrx_word' id='word_1_251' title='bbox 420 4653 565 4753; x_wconf 86' lang='lat' dir='ltr'><strong>ingenio</strong></span> <span class='ocrx_word' id='word_1_252' title='bbox 590 4652 780 4750; x_wconf 87' lang='lat' dir='ltr'><strong>praeditus,</strong></span> <span class='ocrx_word' id='word_1_253' title='bbox 809 4651 1003 4757; x_wconf 88' lang='lat' dir='ltr'><strong>studiorum</strong></span> <span class='ocrx_word' id='word_1_254' title='bbox 1028 4671 1219 4746; x_wconf 88' lang='lat' dir='ltr'><strong>rerumque</strong></span> <span class='ocrx_word' id='word_1_255' title='bbox 1246 4648 1405 4723; x_wconf 91' lang='lat' dir='ltr'><strong>omnium</strong></span> <span class='ocrx_word' id='word_1_256' title='bbox 1431 4651 1609 4727; x_wconf 87' lang='lat' dir='ltr'><strong>eruditam</strong></span> <span class='ocrx_word' id='word_1_257' title='bbox 1637 4651 1877 4751; x_wconf 86' lang='lat' dir='ltr'><strong>cognitionem</strong></span> 
     </span>
     <span class='ocr_line' id='line_1_31' title="bbox 422 4775 1876 4883; baseline -0.001 -23"><span class='ocrx_word' id='word_1_258' title='bbox 422 4783 596 4862; x_wconf 80' lang='lat' dir='ltr'><strong>assecutus</strong></span> <span class='ocrx_word' id='word_1_259' title='bbox 623 4784 680 4872; x_wconf 73' lang='lat' dir='ltr'><strong>eli,</strong></span> <span class='ocrx_word' id='word_1_260' title='bbox 711 4809 819 4882; x_wconf 89' lang='lat' dir='ltr'><strong>quam</strong></span> <span class='ocrx_word' id='word_1_261' title='bbox 847 4806 932 4860; x_wconf 82' lang='lat' dir='ltr'><strong>mox</strong></span> <span class='ocrx_word' id='word_1_262' title='bbox 965 4775 1071 4881; x_wconf 88' lang='lat' dir='ltr'><strong>longe</strong></span> <span class='ocrx_word' id='word_1_263' title='bbox 1100 4779 1373 4880; x_wconf 90' lang='lat' dir='ltr'><strong>splendidiorem</strong></span> <span class='ocrx_word' id='word_1_264' title='bbox 1399 4780 1533 4859; x_wconf 88' lang='lat' dir='ltr'><strong>dabant</strong></span> <span class='ocrx_word' id='word_1_265' title='bbox 1565 4781 1749 4883; x_wconf 77' lang='lat' dir='ltr'><strong>lingularis</strong></span> <span class='ocrx_word' id='word_1_266' title='bbox 1782 4784 1876 4866; x_wconf 82' lang='lat' dir='ltr'><strong>vitae</strong></span> 
     </span>
    </p>
   </div>
   <div class='ocr_carea' id='block_1_5' title="bbox 0 0 2260 5956">
    <p class='ocr_par' dir='ltr' id='par_1_6' title="bbox 0 0 2260 5956">
     <span class='ocr_line' id='line_1_32' title="bbox 0 0 2260 5956; baseline 0 0"><span class='ocrx_word' id='word_1_267' title='bbox 0 0 2260 5956; x_wconf 95' lang='lat' dir='ltr'><strong> </strong></span> 
     </span>
    </p>
   </div>
  </div>
 </body>
</html>
