4470 5962
814 530 879 594 Du
915 530 1257 598 SCRIPTORIBUS
1291 533 1457 599 SCOTIS.

560 719 614 792 De
632 717 817 816 Religione
835 717 1091 792 Perfeelorum.

558 852 613 925 De
630 849 956 924 Praedicationibus
973 851 1098 936 Sacris,

408 981 547 1079 elinque
565 983 670 1056 varia
711 981 849 1056 claruit
865 1006 958 1055 anno
977 985 1083 1067 1454,
1096 982 1160 1056 sub
1175 982 1311 1056 Jacobo
1327 1006 1411 1080 rege
1429 981 1579 1056 secundo
1596 983 1670 1080 ejus
1696 983 1855 1058 nominis.

837 1274 903 1349 DE
929 1275 1145 1349 HENRICO
1171 1275 1420 1350 LICHTONO.

407 1505 605 1579 Hannone
639 1505 865 1588 chauonos,
899 1514 1004 1578 natus
1040 1504 1076 1577 in
1113 1504 1294 1601 provincia
1320 1506 1478 1580 Merniae
1512 1507 1550 1579 in
1591 1506 1854 1603 septentrionali

407 1647 508 1733 parte
538 1636 688 1722 Scotiae,
727 1660 772 1709 ex
801 1635 988 1710 mediocris
1016 1635 1179 1710 fortunae
1211 1635 1417 1732 parentibus
1442 1637 1656 1735 progenitus,
1692 1661 1773 1710 oum
1808 1639 1853 1712 ad

405 1768 563 1843 adultam
579 1778 734 1842 aetatem
758 1765 977 1865 pervenisset,
1004 1777 1040 1840 et
1057 1767 1095 1839 in
1111 1766 1228 1841 schola
1249 1765 1464 1840 Taodunenfi
1482 1767 1603 1841 literas
1627 1768 1853 1842 humaniores

404 1897 610 1984 absolvisset,
644 1898 690 1972 nd
717 1898 945 1972 Academiam
972 1899 1198 1972 Andreanam
1224 1897 1259 1972 se
1284 1899 1444 1984 contulit,
1469 1899 1531 1974 ubi
1556 1910 1593 1973 et
1609 1900 1729 1974 studiis
1753 1901 1852 1974 theo-

404 2030 517 2130 logiae
535 2041 571 2105 et
588 2027 826 2127 philosophiae
844 2029 1002 2103 animum
1030 2030 1176 2116 addixit,
1206 2030 1294 2104 adeo
1320 2041 1360 2104 ut
1388 2041 1472 2105 ante
1488 2056 1622 2104 annum
1646 2033 1773 2107 aetatis
1789 2034 1851 2105 tri-

401 2161 580 2261 gesimum,
622 2162 767 2235 titulum
805 2162 1011 2236 dodioratus
1049 2161 1090 2235 fit
1126 2163 1163 2235 in
1199 2162 1379 2262 theologia
1417 2163 1631 2238 consecutus.
1694 2164 1850 2238 Tandem

401 2294 581 2392 episcopus
610 2291 835 2367 Moravieusrs
867 2294 986 2368 favore
1022 2293 1149 2368 Jacobi
1186 2294 1279 2392 regis
1312 2295 1422 2368 Tertii
1457 2295 1506 2369 est
1524 2297 1687 2381 'oreatua
1722 2321 1746 2370 a
1779 2322 1851 2394 quo

401 2450 466 2525 pro
494 2423 599 2524 ipsius
620 2425 756 2498 eximia
781 2425 944 2499 dostrina
981 2436 1017 2496 et
1045 2424 1178 2521 pietate
1202 2424 1248 2498 nd
1273 2426 1407 2523 majora
1431 2438 1468 2500 et
1492 2426 1655 2524 gratiora
1688 2426 1850 2502 ecclesiae

401 2556 543 2654 negotia
559 2555 831 2629 administranda
847 2554 1025 2629 adhibitus
1041 2554 1099 2628 est.
1151 2554 1292 2652 Scripsit

548 2689 693 2762 Piarum
710 2687 982 2761 Meditationum
1000 2686 1059 2760 lib.
1078 2707 1118 2757 11.

548 2819 602 2891 De
619 2818 836 2915 Contemptu
852 2815 988 2901 Mundi,
1005 2816 1065 2889 lib.
1085 2837 1108 2886 1.

399 2949 535 3024 Clamit
551 2972 645 3023 anno
664 2951 770 3032 1460,
788 2956 959 3044 regnante
976 2946 1013 3019 iu
1031 2943 1150 3019 Scotia
1164 2947 1300 3021 Jacobo
1317 2947 1445 3022 Tertio.

822 3241 887 3314 DE
913 3239 1139 3314 ROBERTO
1163 3238 1421 3314 FLEMINGO.

397 3479 600 3552 Ronaanns
629 3474 659 3546 F
660 3493 861 3556 Lmssuuuu
892 3471 1035 3544 natione
1062 3470 1198 3554 ScotuS,
1226 3494 1270 3542 ex
1300 3469 1395 3542 clara
1421 3468 1685 3568 Flemingorum
1710 3471 1842 3545 familia

395 3608 573 3691 oriundus,
600 3616 637 3680 et
664 3604 779 3702 primo
818 3603 912 3676 inter
941 3601 1131 3676 monachos
1159 3598 1389 3697 Glnsguenses
1414 3598 1592 3685 educatus,
1622 3602 1740 3698 postea
1768 3629 1841 3678 ma

387 3742 469 3838 jora
507 3735 660 3811 discendi
700 3735 813 3810 {ludio
841 3734 1025 3818 excitatus,
1061 3742 1200 3806 exteras
1224 3730 1316 3828 petit
1340 3731 1521 3805 nationes:
1547 3733 1585 3807 in
1618 3733 1758 3808 Italiam
1791 3737 1840 3810 est

393 3871 583 3969 profectur
622 3866 684 3940 ubi
726 3891 806 3939 cum
837 3864 993 3963 Baptista
1034 3863 1192 3938 Guarino
1231 3861 1414 3936 Ferrariae
1448 3863 1494 3937 ad
1522 3875 1662 3963 tempus
1698 3865 1836 3941 studuit.

393 4005 504 4077 Poeta
532 4026 603 4076 non
620 3997 775 4096 vulgaris
792 4008 878 4082 erat,
908 3995 1172 4095 composuitque
1188 3993 1331 4069 heroico
1353 3994 1507 4069 carmine
1534 3998 1708 4071 tradlatus
1737 3998 1838 4095 quos·

390 4137 481 4217 darn,
499 4157 588 4231 quos
606 4131 667 4205 sub
684 4130 751 4203 hoc
768 4129 874 4203 titulo
892 4129 994 4203 Sixto
1010 4130 1147 4217 Quarto
1163 4125 1322 4223 pontifici
1349 4126 1510 4200 Romam
1527 4127 1719 4205 dedicavit:

539 4261 838 4336 Lucubrationum
855 4260 1120 4335 Tiburtinarum
1136 4257 1196 4332 lib.
1214 4277 1253 4328 11.

538 4389 772 4488 Epistolarum
788 4389 834 4463 ad
851 4388 1003 4463 diversos
1019 4388 1078 4463 lib.
1097 4410 1120 4460 1.

538 4518 671 4593 Diversi
687 4519 827 4617 generis
844 4519 1019 4604 Carmina
1038 4519 1097 4594 lib.
1115 4541 1139 4592 1.

535 4649 795 4723 Dislionarium
812 4649 1138 4737 Graeco-Latinum,
1156 4650 1215 4725 lib.
1234 4672 1258 4722 1.

387 4782 525 4880 aliaque
549 4804 622 4855 non
657 4803 780 4878 pauca
831 4779 967 4855 Claruit
995 4806 1089 4856 anno
1129 4781 1225 4880 pacis
1262 4780 1483 4880 evangelicae
1522 4783 1626 4869 1470,
1660 4796 1838 4883 regnante·

386 4914 521 4989 Jaeobo
537 4911 657 4988 Tertio
673 4910 711 4985 in
728 4911 856 4988 Scotia.
