<?xml version="1.0" encoding="UTF-8"?>
<!DOCTYPE html PUBLIC "-//W3C//DTD XHTML 1.0 Transitional//EN"
    "http://www.w3.org/TR/xhtml1/DTD/xhtml1-transitional.dtd">
<html xmlns="http://www.w3.org/1999/xhtml" xml:lang="en" lang="en">
 <head>
  <title>
</title>
<meta http-equiv="Content-Type" content="text/html;charset=utf-8" />
  <meta name='ocr-system' content='tesseract 3.04.00' />
  <meta name='ocr-capabilities' content='ocr_page ocr_carea ocr_par ocr_line ocrx_word'/>
</head>
<body>
  <div class='ocr_page' id='page_1' title='image "./davidisbuchanan00irvigoog_0072.png"; bbox 0 0 4448 5964; ppageno 0'>
   <div class='ocr_carea' id='block_1_1' title="bbox 380 522 1424 591">
    <p class='ocr_par' dir='ltr' id='par_1_1' title="bbox 380 522 1424 591">
     <span class='ocr_line' id='line_1_1' title="bbox 380 522 1424 591; baseline -0.004 -1"><span class='ocrx_word' id='word_1_1' title='bbox 380 530 423 591; x_wconf 71' lang='grc'>52</span> <span class='ocrx_word' id='word_1_2' title='bbox 783 523 849 588; x_wconf 79' lang='lat' dir='ltr'>DE</span> <span class='ocrx_word' id='word_1_3' title='bbox 884 522 1228 590; x_wconf 80' lang='lat' dir='ltr'>SCRIPTORIBUS</span> <span class='ocrx_word' id='word_1_4' title='bbox 1255 523 1424 590; x_wconf 84' lang='lat' dir='ltr'>SCOTlS.</span> 
     </span>
    </p>
   </div>
   <div class='ocr_carea' id='block_1_2' title="bbox 336 709 1841 2393">
    <p class='ocr_par' dir='ltr' id='par_1_2' title="bbox 336 709 1841 1865">
     <span class='ocr_line' id='line_1_2' title="bbox 380 709 1838 812; baseline 0 -25"><span class='ocrx_word' id='word_1_5' title='bbox 380 711 580 812; x_wconf 89' lang='lat' dir='ltr'>quindecim</span> <span class='ocrx_word' id='word_1_6' title='bbox 613 710 727 786; x_wconf 88' lang='lat' dir='ltr'>millia</span> <span class='ocrx_word' id='word_1_7' title='bbox 758 709 855 786; x_wconf 88' lang='lat' dir='ltr'>sacro</span> <span class='ocrx_word' id='word_1_8' title='bbox 890 735 933 786; x_wconf 87' lang='lat' dir='ltr'>ae</span> <span class='ocrx_word' id='word_1_9' title='bbox 967 711 1107 786; x_wconf 83' lang='lat' dir='ltr'>lustrico</span> <span class='ocrx_word' id='word_1_10' title='bbox 1146 711 1245 786; x_wconf 89' lang='lat' dir='ltr'>fonte</span> <span class='ocrx_word' id='word_1_11' title='bbox 1281 712 1465 787; x_wconf 72' lang='lat' dir='ltr'>abluerit..</span> <span class='ocrx_word' id='word_1_12' title='bbox 1509 711 1624 786; x_wconf 87' lang='lat' dir='ltr'>Annis</span> <span class='ocrx_word' id='word_1_13' title='bbox 1650 723 1838 810; x_wconf 85' lang='lat' dir='ltr'>praeterea</span> 
     </span>
     <span class='ocr_line' id='line_1_3' title="bbox 380 841 1835 942; baseline 0.001 -24"><span class='ocrx_word' id='word_1_14' title='bbox 380 846 460 942; x_wconf 92' lang='lat' dir='ltr'>plus</span> <span class='ocrx_word' id='word_1_15' title='bbox 487 845 606 917; x_wconf 88' lang='lat' dir='ltr'>miuus</span> <span class='ocrx_word' id='word_1_16' title='bbox 630 841 879 942; x_wconf 83' lang='lat' dir='ltr'>septemdecim</span> <span class='ocrx_word' id='word_1_17' title='bbox 910 843 1105 942; x_wconf 76' lang='lat' dir='ltr'>episcopale</span> <span class='ocrx_word' id='word_1_18' title='bbox 1138 867 1269 917; x_wconf 86' lang='lat' dir='ltr'>munus</span> <span class='ocrx_word' id='word_1_19' title='bbox 1295 843 1537 918; x_wconf 80' lang='lat' dir='ltr'>Lindissarnae</span> <span class='ocrx_word' id='word_1_20' title='bbox 1569 844 1835 920; x_wconf 82' lang='lat' dir='ltr'>administravit</span> 
     </span>
     <span class='ocr_line' id='line_1_4' title="bbox 381 973 1837 1075; baseline 0 -24"><span class='ocrx_word' id='word_1_21' title='bbox 381 979 465 1051; x_wconf 85' lang='lat' dir='ltr'>Fuit</span> <span class='ocrx_word' id='word_1_22' title='bbox 490 978 610 1074; x_wconf 87' lang='lat' dir='ltr'>itaque</span> <span class='ocrx_word' id='word_1_23' title='bbox 633 976 911 1051; x_wconf 81' lang='lat' dir='ltr'>Northumbriae</span> <span class='ocrx_word' id='word_1_24' title='bbox 941 976 1125 1075; x_wconf 85' lang='lat' dir='ltr'>apostolus,</span> <span class='ocrx_word' id='word_1_25' title='bbox 1147 973 1436 1050; x_wconf 84' lang='lat' dir='ltr'>Lindisfarueulis</span> <span class='ocrx_word' id='word_1_26' title='bbox 1461 975 1752 1075; x_wconf 86' lang='lat' dir='ltr'>archiepiscopus,</span> <span class='ocrx_word' id='word_1_27' title='bbox 1775 977 1837 1074; x_wconf 94' lang='lat' dir='ltr'>qui</span> 
     </span>
     <span class='ocr_line' id='line_1_5' title="bbox 336 1108 1838 1215; baseline 0.003 -33"><span class='ocrx_word' id='word_1_28' title='bbox 336 1210 339 1215; x_wconf 18' lang='grc' dir='ltr'>Ι</span> <span class='ocrx_word' id='word_1_29' title='bbox 380 1110 541 1206; x_wconf 86' lang='lat' dir='ltr'>regulam</span> <span class='ocrx_word' id='word_1_30' title='bbox 566 1108 839 1183; x_wconf 65' lang='lat' dir='ltr'>Benedibtiuam</span> <span class='ocrx_word' id='word_1_31' title='bbox 866 1108 1081 1194; x_wconf 84' lang='lat' dir='ltr'>reformavit,</span> <span class='ocrx_word' id='word_1_32' title='bbox 1112 1118 1149 1182; x_wconf 87' lang='lat' dir='ltr'>et</span> <span class='ocrx_word' id='word_1_33' title='bbox 1177 1109 1213 1183; x_wconf 88' lang='lat' dir='ltr'>S.</span> <span class='ocrx_word' id='word_1_34' title='bbox 1246 1109 1409 1195; x_wconf 86' lang='lat' dir='ltr'>Heinam,</span> <span class='ocrx_word' id='word_1_35' title='bbox 1439 1109 1593 1208; x_wconf 89' lang='lat' dir='ltr'>primam</span> <span class='ocrx_word' id='word_1_36' title='bbox 1622 1120 1838 1186; x_wconf 86' lang='lat' dir='ltr'>conventua-</span> 
     </span>
     <span class='ocr_line' id='line_1_6' title="bbox 382 1238 1841 1338; baseline 0.003 -27"><span class='ocrx_word' id='word_1_37' title='bbox 382 1241 453 1314; x_wconf 89' lang='lat' dir='ltr'>lem</span> <span class='ocrx_word' id='word_1_38' title='bbox 474 1239 555 1313; x_wconf 84' lang='lat' dir='ltr'>sirac</span> <span class='ocrx_word' id='word_1_39' title='bbox 582 1239 719 1338; x_wconf 79' lang='lat' dir='ltr'>patriae</span> <span class='ocrx_word' id='word_1_40' title='bbox 741 1240 942 1325; x_wconf 81' lang='lat' dir='ltr'>monialem,</span> <span class='ocrx_word' id='word_1_41' title='bbox 960 1238 1101 1313; x_wconf 85' lang='lat' dir='ltr'>velavit.</span> <span class='ocrx_word' id='word_1_42' title='bbox 1152 1239 1218 1312; x_wconf 87' lang='lat' dir='ltr'>Vir</span> <span class='ocrx_word' id='word_1_43' title='bbox 1241 1265 1392 1338; x_wconf 84' lang='lat' dir='ltr'>magnae</span> <span class='ocrx_word' id='word_1_44' title='bbox 1417 1240 1627 1317; x_wconf 87' lang='lat' dir='ltr'>emditionis</span> <span class='ocrx_word' id='word_1_45' title='bbox 1648 1252 1686 1317; x_wconf 84' lang='lat' dir='ltr'>et</span> <span class='ocrx_word' id='word_1_46' title='bbox 1710 1241 1841 1318; x_wconf 74' lang='lat' dir='ltr'>hnei-</span> 
     </span>
     <span class='ocr_line' id='line_1_7' title="bbox 383 1371 1837 1473; baseline 0.003 -29"><span class='ocrx_word' id='word_1_47' title='bbox 383 1372 476 1456; x_wconf 85' lang='lat' dir='ltr'>tatis,</span> <span class='ocrx_word' id='word_1_48' title='bbox 519 1371 736 1446; x_wconf 89' lang='lat' dir='ltr'>incredibilis</span> <span class='ocrx_word' id='word_1_49' title='bbox 769 1372 1037 1470; x_wconf 83' lang='lat' dir='ltr'>temperantiae,</span> <span class='ocrx_word' id='word_1_50' title='bbox 1070 1371 1108 1443; x_wconf 90' lang='lat' dir='ltr'>in</span> <span class='ocrx_word' id='word_1_51' title='bbox 1142 1371 1270 1447; x_wconf 85' lang='lat' dir='ltr'>divinis</span> <span class='ocrx_word' id='word_1_52' title='bbox 1302 1373 1416 1447; x_wconf 87' lang='lat' dir='ltr'>literis</span> <span class='ocrx_word' id='word_1_53' title='bbox 1447 1374 1609 1473; x_wconf 89' lang='lat' dir='ltr'>apprime</span> <span class='ocrx_word' id='word_1_54' title='bbox 1649 1374 1837 1451; x_wconf 82' lang='lat' dir='ltr'>versatus:</span> 
     </span>
     <span class='ocr_line' id='line_1_8' title="bbox 385 1503 1838 1603; baseline 0.003 -28"><span class='ocrx_word' id='word_1_55' title='bbox 385 1503 457 1600; x_wconf 92' lang='lat' dir='ltr'>qui,</span> <span class='ocrx_word' id='word_1_56' title='bbox 492 1515 534 1578; x_wconf 94' lang='lat' dir='ltr'>ut</span> <span class='ocrx_word' id='word_1_57' title='bbox 567 1505 715 1578; x_wconf 89' lang='lat' dir='ltr'>tradunt</span> <span class='ocrx_word' id='word_1_58' title='bbox 752 1505 852 1579; x_wconf 85' lang='lat' dir='ltr'>Beda</span> <span class='ocrx_word' id='word_1_59' title='bbox 886 1515 924 1578; x_wconf 92' lang='lat' dir='ltr'>et</span> <span class='ocrx_word' id='word_1_60' title='bbox 959 1504 1083 1602; x_wconf 89' lang='lat' dir='ltr'>Major,</span> <span class='ocrx_word' id='word_1_61' title='bbox 1118 1528 1190 1576; x_wconf 92' lang='lat' dir='ltr'>nou</span> <span class='ocrx_word' id='word_1_62' title='bbox 1222 1504 1327 1578; x_wconf 88' lang='lat' dir='ltr'>aliter</span> <span class='ocrx_word' id='word_1_63' title='bbox 1360 1504 1511 1579; x_wconf 86' lang='lat' dir='ltr'>docebat</span> <span class='ocrx_word' id='word_1_64' title='bbox 1543 1530 1651 1603; x_wconf 87' lang='lat' dir='ltr'>quam</span> <span class='ocrx_word' id='word_1_65' title='bbox 1685 1507 1838 1592; x_wconf 82' lang='lat' dir='ltr'>vivebat,</span> 
     </span>
     <span class='ocr_line' id='line_1_9' title="bbox 384 1633 1839 1734; baseline 0.003 -28"><span class='ocrx_word' id='word_1_66' title='bbox 384 1633 473 1706; x_wconf 87' lang='lat' dir='ltr'>nihil</span> <span class='ocrx_word' id='word_1_67' title='bbox 502 1633 599 1709; x_wconf 90' lang='lat' dir='ltr'>euim</span> <span class='ocrx_word' id='word_1_68' title='bbox 623 1634 730 1732; x_wconf 84' lang='lat' dir='ltr'>hujus</span> <span class='ocrx_word' id='word_1_69' title='bbox 751 1635 876 1708; x_wconf 91' lang='lat' dir='ltr'>muudi</span> <span class='ocrx_word' id='word_1_70' title='bbox 902 1658 1073 1733; x_wconf 89' lang='lat' dir='ltr'>quaerere</span> <span class='ocrx_word' id='word_1_71' title='bbox 1092 1634 1149 1708; x_wconf 84' lang='lat' dir='ltr'>vel</span> <span class='ocrx_word' id='word_1_72' title='bbox 1171 1660 1291 1710; x_wconf 85' lang='lat' dir='ltr'>amare</span> <span class='ocrx_word' id='word_1_73' title='bbox 1318 1637 1475 1721; x_wconf 78' lang='lat' dir='ltr'>emebat,</span> <span class='ocrx_word' id='word_1_74' title='bbox 1501 1647 1540 1712; x_wconf 91' lang='lat' dir='ltr'>et</span> <span class='ocrx_word' id='word_1_75' title='bbox 1569 1662 1660 1734; x_wconf 88' lang='lat' dir='ltr'>quae</span> <span class='ocrx_word' id='word_1_76' title='bbox 1688 1636 1839 1734; x_wconf 82' lang='lat' dir='ltr'>l&#39;equun·</span> 
     </span>
     <span class='ocr_line' id='line_1_10' title="bbox 385 1764 1038 1865; baseline 0 -26"><span class='ocrx_word' id='word_1_77' title='bbox 385 1778 456 1839; x_wconf 86' lang='lat' dir='ltr'>tur.</span> <span class='ocrx_word' id='word_1_78' title='bbox 510 1767 623 1841; x_wconf 90' lang='lat' dir='ltr'>Porro</span> <span class='ocrx_word' id='word_1_79' title='bbox 640 1764 803 1864; x_wconf 78' lang='lat' dir='ltr'>scripsisse</span> <span class='ocrx_word' id='word_1_80' title='bbox 820 1766 1038 1865; x_wconf 88' lang='lat' dir='ltr'>perhibetur,</span> 
     </span>
    </p>

    <p class='ocr_par' dir='ltr' id='par_1_3' title="bbox 534 1895 1246 1997">
     <span class='ocr_line' id='line_1_11' title="bbox 534 1895 1246 1997; baseline -0.001 -25"><span class='ocrx_word' id='word_1_81' title='bbox 534 1899 578 1972; x_wconf 91' lang='lat' dir='ltr'>In</span> <span class='ocrx_word' id='word_1_82' title='bbox 595 1897 818 1997; x_wconf 87' lang='lat' dir='ltr'>Scripturam</span> <span class='ocrx_word' id='word_1_83' title='bbox 836 1895 1126 1983; x_wconf 83' lang='lat' dir='ltr'>Commentarios,</span> <span class='ocrx_word' id='word_1_84' title='bbox 1144 1897 1204 1972; x_wconf 90' lang='lat' dir='ltr'>lib.</span> <span class='ocrx_word' id='word_1_85' title='bbox 1222 1921 1246 1971; x_wconf 91' lang='lat'>1.</span> 
     </span>
    </p>

    <p class='ocr_par' dir='ltr' id='par_1_4' title="bbox 535 2029 1106 2116">
     <span class='ocr_line' id='line_1_12' title="bbox 535 2029 1106 2116; baseline -0.005 -11"><span class='ocrx_word' id='word_1_86' title='bbox 535 2030 709 2106; x_wconf 88' lang='lat' dir='ltr'>Homilias</span> <span class='ocrx_word' id='word_1_87' title='bbox 726 2041 763 2104; x_wconf 90' lang='lat' dir='ltr'>et</span> <span class='ocrx_word' id='word_1_88' title='bbox 780 2030 985 2116; x_wconf 83' lang='lat' dir='ltr'>Coucioues,</span> <span class='ocrx_word' id='word_1_89' title='bbox 1003 2029 1063 2103; x_wconf 91' lang='lat' dir='ltr'>lib.</span> <span class='ocrx_word' id='word_1_90' title='bbox 1080 2051 1106 2102; x_wconf 94' lang='lat'>1.</span> 
     </span>
    </p>

    <p class='ocr_par' dir='ltr' id='par_1_5' title="bbox 535 2132 1313 2250">
     <span class='ocr_line' id='line_1_13' title="bbox 535 2132 1313 2250; baseline 0.001 -14"><span class='ocrx_word' id='word_1_91' title='bbox 535 2162 591 2237; x_wconf 75' lang='lat' dir='ltr'>oe</span> <span class='ocrx_word' id='word_1_92' title='bbox 607 2132 742 2238; x_wconf 71' lang='lat' dir='ltr'>sanna</span> <span class='ocrx_word' id='word_1_93' title='bbox 758 2163 932 2237; x_wconf 72' lang='lat' dir='ltr'>mimate</span> <span class='ocrx_word' id='word_1_94' title='bbox 949 2162 1193 2250; x_wconf 76' lang='lat' dir='ltr'>Personarum,</span> <span class='ocrx_word' id='word_1_95' title='bbox 1210 2163 1270 2238; x_wconf 81' lang='lat' dir='ltr'>uu.</span> <span class='ocrx_word' id='word_1_96' title='bbox 1288 2185 1313 2237; x_wconf 87' lang='lat'>1.</span> 
     </span>
    </p>

    <p class='ocr_par' dir='ltr' id='par_1_6' title="bbox 535 2293 1720 2393">
     <span class='ocr_line' id='line_1_14' title="bbox 535 2293 1720 2393; baseline 0.002 -25"><span class='ocrx_word' id='word_1_97' title='bbox 535 2294 733 2369; x_wconf 85' lang='lat' dir='ltr'>Concioues</span> <span class='ocrx_word' id='word_1_98' title='bbox 750 2294 918 2392; x_wconf 86' lang='lat' dir='ltr'>quasdam</span> <span class='ocrx_word' id='word_1_99' title='bbox 935 2295 980 2368; x_wconf 92' lang='lat' dir='ltr'>de</span> <span class='ocrx_word' id='word_1_100' title='bbox 996 2293 1136 2368; x_wconf 75' lang='lat' dir='ltr'>selectis</span> <span class='ocrx_word' id='word_1_101' title='bbox 1152 2295 1255 2369; x_wconf 89' lang='lat' dir='ltr'>Locis</span> <span class='ocrx_word' id='word_1_102' title='bbox 1270 2295 1506 2393; x_wconf 81' lang='lat' dir='ltr'>Epistolamm</span> <span class='ocrx_word' id='word_1_103' title='bbox 1522 2296 1636 2382; x_wconf 89' lang='lat' dir='ltr'>Pauli,</span> <span class='ocrx_word' id='word_1_104' title='bbox 1654 2310 1720 2372; x_wconf 90' lang='lat' dir='ltr'>etc.</span> 
     </span>
    </p>
   </div>
   <div class='ocr_carea' id='block_1_3' title="bbox 387 2423 1841 2656">
    <p class='ocr_par' dir='ltr' id='par_1_7' title="bbox 387 2423 1841 2656">
     <span class='ocr_line' id='line_1_15' title="bbox 387 2423 1841 2526; baseline 0.001 -26"><span class='ocrx_word' id='word_1_105' title='bbox 387 2430 430 2501; x_wconf 91' lang='lat' dir='ltr'>lu</span> <span class='ocrx_word' id='word_1_106' title='bbox 456 2426 621 2501; x_wconf 83' lang='lat' dir='ltr'>humanis</span> <span class='ocrx_word' id='word_1_107' title='bbox 647 2423 715 2501; x_wconf 83' lang='lat' dir='ltr'>else</span> <span class='ocrx_word' id='word_1_108' title='bbox 738 2426 837 2501; x_wconf 75' lang='lat' dir='ltr'>desiit</span> <span class='ocrx_word' id='word_1_109' title='bbox 859 2426 948 2524; x_wconf 86' lang='lat' dir='ltr'>prid.</span> <span class='ocrx_word' id='word_1_110' title='bbox 977 2426 1041 2500; x_wconf 84' lang='lat' dir='ltr'>eal.</span> <span class='ocrx_word' id='word_1_111' title='bbox 1069 2426 1249 2525; x_wconf 86' lang='lat' dir='ltr'>Septemb.</span> <span class='ocrx_word' id='word_1_112' title='bbox 1269 2450 1364 2501; x_wconf 87' lang='lat' dir='ltr'>anuo</span> <span class='ocrx_word' id='word_1_113' title='bbox 1384 2451 1407 2502; x_wconf 91' lang='lat' dir='ltr'>a</span> <span class='ocrx_word' id='word_1_114' title='bbox 1427 2426 1648 2525; x_wconf 91' lang='lat' dir='ltr'>plenitudine</span> <span class='ocrx_word' id='word_1_115' title='bbox 1669 2429 1841 2526; x_wconf 82' lang='lat' dir='ltr'>temporis</span> 
     </span>
     <span class='ocr_line' id='line_1_16' title="bbox 389 2550 992 2656; baseline -0.007 -23"><span class='ocrx_word' id='word_1_116' title='bbox 389 2564 471 2644; x_wconf 88' lang='lat'>651,</span> <span class='ocrx_word' id='word_1_117' title='bbox 489 2557 553 2632; x_wconf 94' lang='lat' dir='ltr'>sub</span> <span class='ocrx_word' id='word_1_118' title='bbox 570 2550 802 2656; x_wconf 71' lang='lat' dir='ltr'>Ferquhar&#39;do</span> <span class='ocrx_word' id='word_1_119' title='bbox 821 2558 992 2632; x_wconf 84' lang='lat' dir='ltr'>Secunde.</span> 
     </span>
    </p>
   </div>
   <div class='ocr_carea' id='block_1_4' title="bbox 928 2851 1292 2930">
    <p class='ocr_par' dir='ltr' id='par_1_8' title="bbox 928 2851 1292 2930">
     <span class='ocr_line' id='line_1_17' title="bbox 928 2851 1292 2930; baseline -0.014 -1"><span class='ocrx_word' id='word_1_120' title='bbox 928 2855 994 2929; x_wconf 88' lang='lat' dir='ltr'>DE</span> <span class='ocrx_word' id='word_1_121' title='bbox 1018 2851 1292 2930; x_wconf 79' lang='lat' dir='ltr'>GOlllsANNO.</span> 
     </span>
    </p>
   </div>
   <div class='ocr_carea' id='block_1_5' title="bbox 388 3083 1845 4899">
    <p class='ocr_par' dir='ltr' id='par_1_9' title="bbox 388 3083 1845 4899">
     <span class='ocr_line' id='line_1_18' title="bbox 389 3083 1839 3185; baseline 0.002 -23"><span class='ocrx_word' id='word_1_122' title='bbox 389 3090 633 3173; x_wconf 81' lang='lat' dir='ltr'>Coumnuuue,</span> <span class='ocrx_word' id='word_1_123' title='bbox 680 3088 832 3172; x_wconf 86' lang='lat' dir='ltr'>antistes,</span> <span class='ocrx_word' id='word_1_124' title='bbox 872 3084 1054 3185; x_wconf 86' lang='lat' dir='ltr'>apostolici</span> <span class='ocrx_word' id='word_1_125' title='bbox 1096 3085 1229 3158; x_wconf 78' lang='lat' dir='ltr'>ordinis</span> <span class='ocrx_word' id='word_1_126' title='bbox 1271 3083 1474 3169; x_wconf 88' lang='lat' dir='ltr'>monachus,</span> <span class='ocrx_word' id='word_1_127' title='bbox 1525 3111 1598 3160; x_wconf 91' lang='lat' dir='ltr'>non</span> <span class='ocrx_word' id='word_1_128' title='bbox 1640 3088 1839 3174; x_wconf 72' lang='lat' dir='ltr'>Benedicti,</span> 
     </span>
     <span class='ocr_line' id='line_1_19' title="bbox 389 3215 1842 3318; baseline 0.001 -24"><span class='ocrx_word' id='word_1_129' title='bbox 389 3222 448 3295; x_wconf 90' lang='lat' dir='ltr'>sed</span> <span class='ocrx_word' id='word_1_130' title='bbox 481 3219 642 3318; x_wconf 72' lang='lat' dir='ltr'>congelli</span> <span class='ocrx_word' id='word_1_131' title='bbox 674 3219 835 3318; x_wconf 82' lang='lat' dir='ltr'>regulum</span> <span class='ocrx_word' id='word_1_132' title='bbox 873 3218 1042 3302; x_wconf 83' lang='lat' dir='ltr'>imitatus,</span> <span class='ocrx_word' id='word_1_133' title='bbox 1079 3215 1320 3290; x_wconf 86' lang='lat' dir='ltr'>Liudissuruae</span> <span class='ocrx_word' id='word_1_134' title='bbox 1354 3215 1645 3315; x_wconf 87' lang='lat' dir='ltr'>archiepiscopus,</span> <span class='ocrx_word' id='word_1_135' title='bbox 1680 3230 1717 3294; x_wconf 87' lang='lat' dir='ltr'>et</span> <span class='ocrx_word' id='word_1_136' title='bbox 1751 3221 1842 3294; x_wconf 89' lang='lat' dir='ltr'>Nor-</span> 
     </span>
     <span class='ocr_line' id='line_1_20' title="bbox 388 3337 1842 3449; baseline 0 -23"><span class='ocrx_word' id='word_1_137' title='bbox 388 3352 590 3427; x_wconf 88' lang='lat' dir='ltr'>thumbriae</span> <span class='ocrx_word' id='word_1_138' title='bbox 623 3349 807 3448; x_wconf 86' lang='lat' dir='ltr'>apostolus,</span> <span class='ocrx_word' id='word_1_139' title='bbox 841 3373 972 3449; x_wconf 85' lang='lat' dir='ltr'>genere</span> <span class='ocrx_word' id='word_1_140' title='bbox 1006 3337 1058 3423; x_wconf 71' lang='lat' dir='ltr'>et&#39;</span> <span class='ocrx_word' id='word_1_141' title='bbox 1075 3346 1219 3422; x_wconf 84' lang='lat' dir='ltr'>natione</span> <span class='ocrx_word' id='word_1_142' title='bbox 1253 3345 1390 3431; x_wconf 86' lang='lat' dir='ltr'>Scotus,</span> <span class='ocrx_word' id='word_1_143' title='bbox 1420 3347 1458 3419; x_wconf 93' lang='lat' dir='ltr'>in</span> <span class='ocrx_word' id='word_1_144' title='bbox 1493 3347 1624 3423; x_wconf 89' lang='lat' dir='ltr'>Hueusi</span> <span class='ocrx_word' id='word_1_145' title='bbox 1658 3348 1773 3425; x_wconf 89' lang='lat' dir='ltr'>insula</span> <span class='ocrx_word' id='word_1_146' title='bbox 1805 3364 1842 3426; x_wconf 89' lang='lat' dir='ltr'>et</span> 
     </span>
     <span class='ocr_line' id='line_1_21' title="bbox 389 3477 1844 3584; baseline -0.003 -24"><span class='ocrx_word' id='word_1_147' title='bbox 389 3485 656 3584; x_wconf 87' lang='lat' dir='ltr'>apostolicorum</span> <span class='ocrx_word' id='word_1_148' title='bbox 683 3483 841 3558; x_wconf 88' lang='lat' dir='ltr'>virorum</span> <span class='ocrx_word' id='word_1_149' title='bbox 871 3482 1021 3582; x_wconf 82' lang='lat' dir='ltr'>collegio</span> <span class='ocrx_word' id='word_1_150' title='bbox 1048 3477 1190 3576; x_wconf 89' lang='lat' dir='ltr'>abipsa</span> <span class='ocrx_word' id='word_1_151' title='bbox 1218 3477 1373 3575; x_wconf 86' lang='lat' dir='ltr'>pueritia</span> <span class='ocrx_word' id='word_1_152' title='bbox 1398 3477 1577 3565; x_wconf 86' lang='lat' dir='ltr'>educatus,</span> <span class='ocrx_word' id='word_1_153' title='bbox 1603 3482 1723 3580; x_wconf 87' lang='lat' dir='ltr'>postea</span> <span class='ocrx_word' id='word_1_154' title='bbox 1748 3484 1844 3558; x_wconf 89' lang='lat' dir='ltr'>inter</span> 
     </span>
     <span class='ocr_line' id='line_1_22' title="bbox 390 3606 1843 3715; baseline 0.001 -25"><span class='ocrx_word' id='word_1_155' title='bbox 390 3617 468 3691; x_wconf 87' lang='lat' dir='ltr'>suos</span> <span class='ocrx_word' id='word_1_156' title='bbox 494 3617 614 3715; x_wconf 86' lang='lat' dir='ltr'>magni</span> <span class='ocrx_word' id='word_1_157' title='bbox 635 3606 795 3690; x_wconf 82' lang='lat' dir='ltr'>¹nominis</span> <span class='ocrx_word' id='word_1_158' title='bbox 823 3613 967 3688; x_wconf 82' lang='lat' dir='ltr'>habitus</span> <span class='ocrx_word' id='word_1_159' title='bbox 995 3613 1071 3699; x_wconf 81' lang='lat' dir='ltr'>est3</span> <span class='ocrx_word' id='word_1_160' title='bbox 1103 3609 1180 3708; x_wconf 85' lang='lat' dir='ltr'>regi</span> <span class='ocrx_word' id='word_1_161' title='bbox 1208 3609 1318 3684; x_wconf 90' lang='lat' dir='ltr'>etiam</span> <span class='ocrx_word' id='word_1_162' title='bbox 1347 3610 1588 3709; x_wconf 86' lang='lat' dir='ltr'>Ferquhardo,</span> <span class='ocrx_word' id='word_1_163' title='bbox 1615 3615 1843 3692; x_wconf 88' lang='lat' dir='ltr'>anathemate</span> 
     </span>
     <span class='ocr_line' id='line_1_23' title="bbox 390 3723 1843 3831; baseline -0.003 -10"><span class='ocrx_word' id='word_1_164' title='bbox 390 3749 435 3821; x_wconf 87' lang='lat' dir='ltr'>ab</span> <span class='ocrx_word' id='word_1_165' title='bbox 463 3772 506 3821; x_wconf 92' lang='lat' dir='ltr'>eo</span> <span class='ocrx_word' id='word_1_166' title='bbox 533 3746 660 3831; x_wconf 87' lang='lat' dir='ltr'>levato,</span> <span class='ocrx_word' id='word_1_167' title='bbox 691 3723 774 3819; x_wconf 84' lang='lat' dir='ltr'>ante</span> <span class='ocrx_word' id='word_1_168' title='bbox 799 3743 920 3819; x_wconf 89' lang='lat' dir='ltr'>omnia</span> <span class='ocrx_word' id='word_1_169' title='bbox 948 3767 1052 3816; x_wconf 86' lang='lat' dir='ltr'>carus</span> <span class='ocrx_word' id='word_1_170' title='bbox 1084 3750 1122 3816; x_wconf 88' lang='lat' dir='ltr'>et</span> <span class='ocrx_word' id='word_1_171' title='bbox 1150 3739 1370 3817; x_wconf 75' lang='lat' dir='ltr'>venerabilis.</span> <span class='ocrx_word' id='word_1_172' title='bbox 1431 3741 1490 3815; x_wconf 85' lang='lat' dir='ltr'>Ad</span> <span class='ocrx_word' id='word_1_173' title='bbox 1524 3744 1843 3824; x_wconf 82' lang='lat' dir='ltr'>Lindissamensem</span> 
     </span>
     <span class='ocr_line' id='line_1_24' title="bbox 390 3872 1844 3976; baseline -0.007 -24"><span class='ocrx_word' id='word_1_174' title='bbox 390 3889 511 3952; x_wconf 87' lang='lat' dir='ltr'>autem</span> <span class='ocrx_word' id='word_1_175' title='bbox 537 3876 725 3960; x_wconf 83' lang='lat' dir='ltr'>ecclesiam,</span> <span class='ocrx_word' id='word_1_176' title='bbox 755 3875 831 3974; x_wconf 84' lang='lat' dir='ltr'>post</span> <span class='ocrx_word' id='word_1_177' title='bbox 858 3873 986 3948; x_wconf 87' lang='lat' dir='ltr'>Finaui</span> <span class='ocrx_word' id='word_1_178' title='bbox 1013 3872 1160 3958; x_wconf 89' lang='lat' dir='ltr'>obitum,</span> <span class='ocrx_word' id='word_1_179' title='bbox 1187 3873 1375 3950; x_wconf 74' lang='lat' dir='ltr'>traductus</span> <span class='ocrx_word' id='word_1_180' title='bbox 1399 3875 1458 3960; x_wconf 84' lang='lat' dir='ltr'>est,</span> <span class='ocrx_word' id='word_1_181' title='bbox 1486 3875 1524 3950; x_wconf 90' lang='lat' dir='ltr'>iu</span> <span class='ocrx_word' id='word_1_182' title='bbox 1550 3879 1651 3976; x_wconf 86' lang='lat' dir='ltr'>cujus</span> <span class='ocrx_word' id='word_1_183' title='bbox 1674 3880 1763 3968; x_wconf 89' lang='lat' dir='ltr'>loco,</span> <span class='ocrx_word' id='word_1_184' title='bbox 1791 3882 1844 3956; x_wconf 79' lang='lat' dir='ltr'>in.</span> 
     </span>
     <span class='ocr_line' id='line_1_25' title="bbox 391 3998 1845 4112; baseline 0.003 -28"><span class='ocrx_word' id='word_1_185' title='bbox 391 4012 549 4085; x_wconf 82' lang='lat' dir='ltr'>nolarum</span> <span class='ocrx_word' id='word_1_186' title='bbox 577 4008 743 4107; x_wconf 89' lang='lat' dir='ltr'>precibus</span> <span class='ocrx_word' id='word_1_187' title='bbox 774 4006 908 4081; x_wconf 83' lang='lat' dir='ltr'>accitus</span> <span class='ocrx_word' id='word_1_188' title='bbox 937 4030 958 4080; x_wconf 95' lang='lat' dir='ltr'>e</span> <span class='ocrx_word' id='word_1_189' title='bbox 990 3998 1118 4091; x_wconf 80' lang='lat' dir='ltr'>Scotia,</span> <span class='ocrx_word' id='word_1_190' title='bbox 1145 4004 1312 4080; x_wconf 70' lang='lat' dir='ltr'>suffectus</span> <span class='ocrx_word' id='word_1_191' title='bbox 1344 4006 1401 4081; x_wconf 86' lang='lat' dir='ltr'>est.</span> <span class='ocrx_word' id='word_1_192' title='bbox 1462 4009 1518 4083; x_wconf 90' lang='lat' dir='ltr'>Ob</span> <span class='ocrx_word' id='word_1_193' title='bbox 1549 4009 1697 4099; x_wconf 88' lang='lat' dir='ltr'>inlitam,</span> <span class='ocrx_word' id='word_1_194' title='bbox 1726 4015 1845 4112; x_wconf 89' lang='lat' dir='ltr'>inquit</span> 
     </span>
     <span class='ocr_line' id='line_1_26' title="bbox 392 4135 1843 4238; baseline 0.003 -22"><span class='ocrx_word' id='word_1_195' title='bbox 392 4144 500 4227; x_wconf 84' lang='lat' dir='ltr'>Beda,</span> <span class='ocrx_word' id='word_1_196' title='bbox 537 4141 589 4215; x_wconf 93' lang='lat' dir='ltr'>illi</span> <span class='ocrx_word' id='word_1_197' title='bbox 629 4138 856 4238; x_wconf 89' lang='lat' dir='ltr'>prudentiam</span> <span class='ocrx_word' id='word_1_198' title='bbox 894 4136 1049 4210; x_wconf 92' lang='lat' dir='ltr'>multum</span> <span class='ocrx_word' id='word_1_199' title='bbox 1087 4160 1170 4209; x_wconf 90' lang='lat' dir='ltr'>eum</span> <span class='ocrx_word' id='word_1_200' title='bbox 1203 4135 1375 4236; x_wconf 87' lang='lat' dir='ltr'>diligebat</span> <span class='ocrx_word' id='word_1_201' title='bbox 1408 4140 1746 4219; x_wconf 88' lang='lat' dir='ltr'>Northumbriorum</span> <span class='ocrx_word' id='word_1_202' title='bbox 1779 4170 1843 4221; x_wconf 85' lang='lat' dir='ltr'>rex</span> 
     </span>
     <span class='ocr_line' id='line_1_27' title="bbox 392 4268 1845 4375; baseline -0.004 -28"><span class='ocrx_word' id='word_1_203' title='bbox 392 4274 537 4360; x_wconf 84' lang='lat' dir='ltr'>Ol&#39;uius3</span> <span class='ocrx_word' id='word_1_204' title='bbox 562 4271 878 4370; x_wconf 78' lang='lat' dir='ltr'>parsimoniamque</span> <span class='ocrx_word' id='word_1_205' title='bbox 903 4270 988 4367; x_wconf 89' lang='lat' dir='ltr'>ejus,</span> <span class='ocrx_word' id='word_1_206' title='bbox 1014 4268 1107 4342; x_wconf 85' lang='lat' dir='ltr'>vitae</span> <span class='ocrx_word' id='word_1_207' title='bbox 1134 4268 1398 4357; x_wconf 78' lang='lat' dir='ltr'>continentiam,</span> <span class='ocrx_word' id='word_1_208' title='bbox 1424 4275 1524 4347; x_wconf 91' lang='lat' dir='ltr'>etin</span> <span class='ocrx_word' id='word_1_209' title='bbox 1548 4300 1723 4375; x_wconf 89' lang='lat' dir='ltr'>pauperes</span> <span class='ocrx_word' id='word_1_210' title='bbox 1749 4302 1845 4353; x_wconf 92' lang='lat' dir='ltr'>com.</span> 
     </span>
     <span class='ocr_line' id='line_1_28' title="bbox 392 4400 1845 4501; baseline 0.004 -23"><span class='ocrx_word' id='word_1_211' title='bbox 392 4404 662 4490; x_wconf 88' lang='lat' dir='ltr'>miserationem,</span> <span class='ocrx_word' id='word_1_212' title='bbox 700 4404 894 4479; x_wconf 88' lang='lat' dir='ltr'>laudabant</span> <span class='ocrx_word' id='word_1_213' title='bbox 932 4401 1097 4501; x_wconf 92' lang='lat' dir='ltr'>plurimi;</span> <span class='ocrx_word' id='word_1_214' title='bbox 1130 4400 1235 4499; x_wconf 86' lang='lat' dir='ltr'>longe</span> <span class='ocrx_word' id='word_1_215' title='bbox 1273 4401 1353 4500; x_wconf 88' lang='lat' dir='ltr'>plus</span> <span class='ocrx_word' id='word_1_216' title='bbox 1385 4405 1494 4479; x_wconf 88' lang='lat' dir='ltr'>etiam</span> <span class='ocrx_word' id='word_1_217' title='bbox 1528 4407 1694 4483; x_wconf 85' lang='lat' dir='ltr'>favebant</span> <span class='ocrx_word' id='word_1_218' title='bbox 1729 4410 1845 4485; x_wconf 85' lang='lat' dir='ltr'>Sentis</span> 
     </span>
     <span class='ocr_line' id='line_1_29' title="bbox 394 4535 1844 4635; baseline 0.003 -24"><span class='ocrx_word' id='word_1_219' title='bbox 394 4562 500 4632; x_wconf 89' lang='lat' dir='ltr'>quam</span> <span class='ocrx_word' id='word_1_220' title='bbox 533 4536 718 4612; x_wconf 86' lang='lat' dir='ltr'>Britannis</span> <span class='ocrx_word' id='word_1_221' title='bbox 743 4536 1060 4635; x_wconf 66' lang='lat' dir='ltr'>cinglo-Saxonum</span> <span class='ocrx_word' id='word_1_222' title='bbox 1085 4544 1173 4608; x_wconf 86' lang='lat' dir='ltr'>tune</span> <span class='ocrx_word' id='word_1_223' title='bbox 1205 4535 1364 4631; x_wconf 84' lang='lat' dir='ltr'>praelati,</span> <span class='ocrx_word' id='word_1_224' title='bbox 1396 4538 1491 4632; x_wconf 90' lang='lat' dir='ltr'>quod</span> <span class='ocrx_word' id='word_1_225' title='bbox 1521 4540 1590 4613; x_wconf 87' lang='lat' dir='ltr'>suis</span> <span class='ocrx_word' id='word_1_226' title='bbox 1615 4541 1844 4616; x_wconf 87' lang='lat' dir='ltr'>concionibus</span> 
     </span>
     <span class='ocr_line' id='line_1_30' title="bbox 394 4665 1845 4766; baseline 0.003 -24"><span class='ocrx_word' id='word_1_227' title='bbox 394 4693 454 4743; x_wconf 86' lang='lat' dir='ltr'>eos</span> <span class='ocrx_word' id='word_1_228' title='bbox 472 4670 650 4766; x_wconf 88' lang='lat' dir='ltr'>juvarent.</span> <span class='ocrx_word' id='word_1_229' title='bbox 713 4667 930 4743; x_wconf 86' lang='lat' dir='ltr'>Colmannus</span> <span class='ocrx_word' id='word_1_230' title='bbox 953 4666 1146 4741; x_wconf 85' lang='lat' dir='ltr'>maximam</span> <span class='ocrx_word' id='word_1_231' title='bbox 1175 4665 1357 4741; x_wconf 84' lang='lat' dir='ltr'>Saxonum</span> <span class='ocrx_word' id='word_1_232' title='bbox 1385 4668 1661 4758; x_wconf 81' lang='lat' dir='ltr'>multitudinem,</span> <span class='ocrx_word' id='word_1_233' title='bbox 1687 4684 1725 4747; x_wconf 90' lang='lat' dir='ltr'>et</span> <span class='ocrx_word' id='word_1_234' title='bbox 1749 4673 1845 4748; x_wconf 89' lang='lat' dir='ltr'>inter</span> 
     </span>
     <span class='ocr_line' id='line_1_31' title="bbox 394 4796 1844 4899; baseline 0.002 -22"><span class='ocrx_word' id='word_1_235' title='bbox 394 4802 549 4899; x_wconf 80' lang='lat' dir='ltr'>reliquos</span> <span class='ocrx_word' id='word_1_236' title='bbox 574 4800 742 4887; x_wconf 88' lang='lat' dir='ltr'>Pendam,</span> <span class='ocrx_word' id='word_1_237' title='bbox 774 4800 835 4898; x_wconf 91' lang='lat' dir='ltr'>qui</span> <span class='ocrx_word' id='word_1_238' title='bbox 863 4799 958 4899; x_wconf 89' lang='lat' dir='ltr'>patri</span> <span class='ocrx_word' id='word_1_239' title='bbox 987 4796 1131 4874; x_wconf 71' lang='lat' dir='ltr'>Pendeo</span> <span class='ocrx_word' id='word_1_240' title='bbox 1164 4797 1203 4873; x_wconf 89' lang='lat' dir='ltr'>iu</span> <span class='ocrx_word' id='word_1_241' title='bbox 1230 4822 1341 4897; x_wconf 84' lang='lat' dir='ltr'>regno</span> <span class='ocrx_word' id='word_1_242' title='bbox 1374 4797 1538 4887; x_wconf 73' lang='lat' dir='ltr'>successit,</span> <span class='ocrx_word' id='word_1_243' title='bbox 1571 4827 1616 4878; x_wconf 84' lang='lat' dir='ltr'>cx</span> <span class='ocrx_word' id='word_1_244' title='bbox 1646 4802 1844 4880; x_wconf 89' lang='lat' dir='ltr'>ethnicismi</span> 
     </span>
    </p>
   </div>
   <div class='ocr_carea' id='block_1_6' title="bbox 0 0 2243 5956">
    <p class='ocr_par' dir='ltr' id='par_1_10' title="bbox 0 0 2243 5956">
     <span class='ocr_line' id='line_1_32' title="bbox 0 0 2243 5956; baseline 0 0"><span class='ocrx_word' id='word_1_245' title='bbox 0 0 2243 5956; x_wconf 95' lang='lat' dir='ltr'> </span> 
     </span>
    </p>
   </div>
  </div>
 </body>
</html>
