4470 5962
417 514 463 583 80
822 514 887 580 DE
925 513 1272 584 SCRIPTORIBUS
1306 515 1476 582 scorls

420 702 631 806 penetravit,
658 703 818 801 adeoque
842 699 1052 778 incessanter
1075 701 1176 777 libris
1199 702 1347 779 inhaesit
1372 715 1413 779 ut
1436 704 1583 780 taudem
1606 705 1658 781 ibi
1680 705 1881 807 supremam

419 839 457 913 in
485 836 583 913 sacra
615 834 797 934 theologia
822 836 981 911 lauream
1007 833 1049 909 fit
1083 832 1301 923 consecutus,
1334 834 1436 911 srmul
1460 836 1499 910 in
1534 861 1578 913 ea
1601 837 1743 914 sublimi
1770 840 1882 916 sacm-

418 978 494 1044 tate
523 969 651 1043 cosor
679 977 829 1055 creatus,
853 976 890 1040 et
918 962 1088 1065 professor
1112 966 1252 1055 sedtum
1282 979 1431 1067 eratque
1458 969 1609 1045 Joauuis
1637 971 1740 1047 Duns
1769 972 1878 1059 Scoti,

421 1100 569 1175 Subtilis
598 1099 776 1185 Dodloris,
807 1098 961 1174 sedtator
990 1097 1149 1196 diligens,
1184 1097 1328 1197 ejusque
1356 1100 1510 1199 vestigiis
1536 1099 1693 1178 insistens
1717 1102 1879 1178 defensor

419 1231 589 1307 strenuus.
640 1231 725 1305 Fuit
755 1229 864 1305 etiam
893 1254 985 1304 uuus
1013 1253 1059 1304 ex
1089 1229 1292 1329 quindecim
1321 1233 1522 1332 praecipuis
1547 1234 1754 1313 demonibus
1781 1236 1878 1312 illius

420 1363 563 1451 ordinis,
591 1362 654 1462 qui
680 1362 719 1436 in
745 1359 897 1436 circmtu
920 1359 1096 1459 sepulchri
1122 1364 1273 1461 praesnti
1300 1365 1402 1441 Duns
1431 1365 1635 1442 nominibus
1661 1368 1736 1443 aeri
1763 1366 1878 1444 iucifis

367 1529 368 1533 ¹
421 1495 598 1594 leguntur,
629 1495 667 1569 iu
695 1492 838 1571 ecclelia
870 1503 1066 1568 conventus
1093 1496 1227 1572 veteris
1252 1497 1433 1573 Minorum
1465 1500 1644 1576 Coloniae.
1704 1500 1771 1575 Vn·
1801 1501 1877 1599 pie-

418 1629 506 1706 tatis
535 1639 573 1705 et
601 1627 811 1704 eruditionis
834 1625 952 1702 titulis
978 1625 1041 1702 suo
1068 1637 1229 1727 tompore
1258 1654 1332 1705 uou
1357 1630 1553 1718 incelebris,
1581 1642 1620 1708 et
1650 1641 1731 1707 tum
1746 1631 1878 1714 divin·

419 1786 521 1838 arum
549 1772 629 1838 tum
656 1759 866 1837 secularium
895 1760 1080 1836 literarum
1107 1759 1247 1859 scriptis
1271 1761 1440 1860 legendis
1468 1763 1670 1850 scribendis
1695 1762 1878 1841 imitandis

419 1896 574 1970 multum
600 1892 767 1971 deditus:
795 1893 880 1968 binc
902 1892 1057 1992 plurima
1082 1892 1216 1992 ingenii
1242 1891 1294 1967 sui
1318 1904 1551 1971 monumenta
1578 1894 1772 1971 admodum
1797 1895 1879 1971 sbb-

418 2029 496 2104 tilia
529 2039 568 2104 et
599 2027 840 2127 philosophica
879 2025 1075 2126 posteritati
1117 2034 1288 2101 venturae
1329 2026 1483 2125 reliquit,
1525 2026 1621 2101 inter
1663 2051 1754 2126 quae
1788 2027 1879 2103 baec

419 2161 580 2260 subjecta
594 2161 778 2237 seruntur:
1831 2178 1834 2182 ·

567 2291 834 2369 Commentario
848 2291 887 2365 in
903 2290 1014 2367 libros
1030 2301 1184 2389 quatuor
1199 2290 1356 2390 Magistri
1374 2289 1650 2367 Sententiamm.

567 2426 660 2500 Item
677 2422 902 2513 Quodlibeta

566 2555 817 2631 Formalitetes
832 2555 877 2629 de
894 2551 1123 2652 Exposrtione
1141 2554 1351 2631 Diviuorum
1369 2555 1572 2632 Nominum.

566 2691 621 2764 De
639 2688 760 2763 Primo
777 2685 969 2785 Principio.

570 2819 890 2920 Quadragefimale,
908 2829 946 2894 et
962 2818 1152 2895 Sermones
1167 2818 1212 2893 de
1229 2817 1380 2894 Sauslis

567 2955 623 3029 De
642 2954 859 3052 Paupertate
877 2950 1005 3027 Christi
1022 2961 1059 3026 et
1074 2951 1336 3049 Apostolonnn.

566 3089 621 3162 De
639 3086 843 3162 Virtutibus
859 3096 897 3160 et
913 3083 1020 3161 Vitiis
1036 3084 1264 3182 capitalibus.

566 3221 621 3295 De
641 3220 799 3319 Angelis.

568 3353 624 3428 De
640 3352 774 3452 septem
792 3349 905 3423 Donis
922 3348 1076 3447 Spiritus
1093 3347 1226 3424 Sancti.

416 3483 464 3558 Et
491 3484 562 3560 alia
589 3485 668 3584 lege
696 3485 733 3558 in
760 3481 877 3563 nostro
906 3480 1078 3579 Catalogo
1107 3479 1329 3577 Scriptonnn
1356 3477 1493 3554 nostrae
1519 3477 1656 3553 Gentis.
1718 3477 1876 3555 Naturae

415 3626 537 3691 autem
573 3613 669 3691 cellit
705 3640 799 3690 anuo
831 3613 967 3713 gratiae
1003 3615 1110 3698 1320,
1144 3612 1230 3686 dum
1264 3610 1395 3686 Scotici
1426 3612 1527 3710 regni
1562 3612 1702 3686 clavurm
1735 3622 1875 3688 teneret

417 3747 599 3823 Robertus
616 3747 767 3834 Primus,
784 3755 1021 3846 cognomento
1036 3741 1202 3820 Bnrffius.

786 4043 852 4118 DE
878 4042 1124 4127 HERVAEO,
1152 4041 1262 4117 SIVE
1288 4039 1497 4115 HERISIO.

418 4276 647 4363 Hnavnnua
682 4275 751 4350 [ive
784 4272 949 4362 Herisrus,
983 4273 1120 4349 Natalis
1153 4273 1281 4360 dictus,
1314 4272 1458 4348 natione
1492 4272 1628 4360 Scotus,
1662 4298 1707 4348 ex
1737 4277 1874 4353 vetusta

413 4409 547 4484 semilis
593 4407 820 4492 Herifiorum
863 4406 972 4505 vulgo
1009 4405 1151 4492 Harvie,
1190 4403 1228 4478 in
1265 4401 1400 4490 Infulis,
1446 4403 1541 4478 iuter
1581 4406 1785 4493 monachos,
1831 4419 1873 4482 ut

415 4541 621 4628 Godwiuus,
656 4540 892 4638 Dempsserns,
926 4532 1251 4622 Malmelburienfis,
1285 4533 1533 4622 Bellarminus,
1566 4536 1763 4611 monachus
1790 4537 1873 4614 Pas·

418 4672 568 4761 latenfis,
597 4684 635 4749 et
668 4672 728 4747 alii
761 4671 943 4757 testantur,
985 4666 1225 4746 Melrcfieuses
1262 4666 1442 4753 educatus,
1479 4667 1599 4766 postea
1630 4668 1676 4743 ad
1711 4669 1873 4770 Bangor-

414 4806 495 4881 euse
535 4804 744 4881 coenobium
785 4801 975 4878 transsatus
1010 4800 1069 4877 est.
1132 4801 1191 4877 Ab
1231 4797 1466 4876 edolebentia
1505 4801 1542 4874 in
1580 4799 1702 4878 studiis
1738 4802 1872 4879 artimu
