4470 5962
384 558 427 623 16
784 559 849 623 DE
883 555 1226 625 SCRIPTORIBUS
1261 560 1430 627 scotus.

384 745 432 818 Et
451 744 522 818 alia
544 743 661 818 etiam.
713 745 850 821 Claruit
870 771 964 822 anno
984 745 1117 820 Salutis
1140 745 1317 823 hnmanae
1341 754 1448 838 1543,
1470 750 1533 825 sub
1556 749 1672 824 Maria
1693 749 1833 825 Scotiae

385 899 518 974 regma.

833 1173 899 1246 DE
923 1172 1110 1248 JACOBO
1135 1173 1366 1248 MARTINO.

385 1403 555 1476 laconas
593 1402 809 1490 Manrmus,
849 1404 992 1479 natione
1032 1403 1169 1490 Scotus,
1206 1415 1243 1477 et
1287 1403 1556 1489 Dnnkeldensis,
1590 1404 1773 1502 postquam
1796 1402 1833 1478 in

387 1534 504 1609 schola
536 1533 690 1632 ejusdem
725 1535 877 1611 civitatis
907 1536 1029 1610 literas
1054 1535 1281 1608 humaniores
1307 1534 1389 1610 satis
1421 1534 1548 1609 exacte
1581 1533 1761 1621 ‹lifflciffet
1788 1533 1834 1609 ad

387 1666 616 1741 Academiam
659 1668 895 1755 Andreanam‚
940 1668 1001 1743 ubi
1047 1667 1186 1742 cursum
1224 1666 1504 1764 philosophicum
1528 1666 1685 1764 perfecit,
1720 1691 1743 1740 a
1774 1692 1835 1764 pa·

385 1798 546 1873 rentibus
575 1798 624 1873 est
648 1796 778 1873 missus.
828 1800 953 1875 Postea
977 1800 1014 1873 in
1043 1798 1184 1874 Italiam
1209 1798 1258 1872 est
1282 1798 1472 1895 proiectus,
1497 1797 1559 1872 ubi
1579 1797 1834 1896 philosophiam

386 1929 527 2027 publice
551 1930 589 2004 in
615 1931 777 2005 Romana
802 1931 944 2005 civitate
969 1955 1051 2004 cum
1076 1952 1205 2026 magna
1228 1927 1280 2001 sui
1303 1928 1456 2001 nominis
1479 1927 1584 2002 laude
1610 1928 1750 2015 docuit3
1772 1928 1834 2002 ubi

385 2060 530 2135 tandem
546 2060 707 2135 moritur.
759 2061 903 2159 Scripsit

537 2192 581 2264 In
597 2190 657 2266 lib.
675 2191 872 2265 Aristotelis
889 2191 933 2265 de
950 2191 1042 2265 Ortu
1058 2200 1095 2264 et
1112 2190 1274 2266 Interitu.

536 2322 591 2397 De
607 2323 723 2420 prima
739 2321 959 2420 Simplicium
976 2332 1013 2395 et
1029 2322 1284 2397 Concretorum
1302 2323 1499 2420 Corporum
1516 2322 1762 2398 Generatione.

387 2452 524 2528 Clanrit
540 2478 634 2528 anno
652 2452 961 2528 Reconciliationis
976 2453 1152 2528 humanae
1171 2457 1277 2539 1554,
1294 2465 1466 2551 regnante
1482 2454 1606 2528 Maria

810 2746 876 2820 DE
901 2745 1089 2820 DAVIDE
1113 2746 1349 2821 PANTERO.

389 2978 521 3051 Dnvm
550 2976 765 3061 Plinnena,
794 2975 937 3050 natione
968 2976 1104 3061 Scotus,
1133 2976 1186 3049 vir
1211 2976 1375 3051 doctrina
1404 2987 1440 3050 et
1469 2999 1589 3050 rerum
1619 2975 1683 3049 usn
1711 2977 1836 3064 clarus,

390 3111 452 3210 qui
480 3109 614 3208 septem
643 3110 800 3208 integros
828 3133 940 3183 annos
969 3110 1007 3183 in
1033 3107 1220 3206 legationis
1243 3132 1390 3181 munere
1410 3108 1504 3206 apud
1529 3108 1651 3184 Gallos
1675 3109 1838 3183 obeundo

391 3240 520 3318 sincere
547 3238 816 3337 consumpserat,
849 3263 896 3313 ex
925 3239 1042 3314 Gallia
1072 3238 1296 3338 Jedburgum
1325 3239 1449 3326 venit3
1479 3240 1542 3313 ubi
1574 3240 1757 3338 postquam
1782 3265 1838 3316 ra-

390 3373 535 3458 tionem,
562 3373 717 3456 modum,
744 3371 903 3445 ordinem
933 3370 1038 3468 pleno
1066 3369 1238 3445 nobilium
1266 3382 1371 3444 coetu
1393 3368 1590 3468 aperuisset,
1612 3371 1765 3445 multum
1792 3373 1838 3445 ab

392 3505 556 3580 omnibus
574 3503 748 3587 laudatua
766 3503 861 3600 qnod
883 3502 1100 3600 provinciam
1121 3502 1269 3575 arduam
1292 3513 1366 3575 tam
1386 3501 1584 3600 diligenter,
1601 3500 1784 3601 sapienter,
1802 3512 1840 3576 et

392 3633 513 3712 sancte
531 3634 744 3718 excoluerat
758 3632 937 3732 episcopus
950 3629 1158 3730 [Rossenlis]
1173 3631 1307 3706 solenni
1322 3656 1421 3705 more
1438 3631 1669 3707 consecratur.
1697 3631 1841 3729 Scripfit

540 3765 748 3839 mactatum
763 3765 807 3838 de
820 3763 980 3838 Moribus
996 3764 1190 3839 Gallorum.

542 3897 598 3969 De
614 3895 746 3971 Forma
760 3896 785 3968 J
786 3895 922 3969 ustitiae
939 3891 1243 3969 Administrandae
1260 3890 1297 3965 in
1314 3890 1555 3965 Parliamento
1571 3889 1759 3978 Paritienli,

393 4036 431 4100 et
460 4026 530 4100 alia
555 4025 734 4101 nonnulla
790 4024 926 4099 Claruit
958 4049 1052 4099 anno
1082 4023 1274 4099 Salvatoris
1299 4024 1422 4098 mundi
1451 4024 1536 4097 dum
1561 4022 1737 4122 sceptrum
1766 4023 1841 4122 ges-

393 4168 489 4233 taret
504 4157 619 4234 Maria
634 4157 758 4256 regina
773 4155 811 4230 in
826 4155 955 4231 Scotia

771 4450 837 4525 DE
863 4448 1118 4527 RIOHARDO
1143 4446 1402 4524 MORISONO.

399 4683 626 4757 monacos
651 4682 884 4764 Momsouns,
917 4679 1061 4754 natione
1095 4680 1230 4766 Sootns,
1263 4679 1413 4754 honest'n
1441 4678 1647 4777 parentibus
1679 4680 1843 4779 progeni-

401 4824 469 4902 tus,
503 4813 558 4888 vir
585 4813 623 4887 in
652 4813 748 4889 omni
781 4810 1041 4909 disciplinamm
1069 4836 1199 4910 genere
1228 4837 1251 4886 a
1277 4811 1410 4888 teneris
1442 4811 1543 4885 annis
1575 4811 1716 4910 egregie
1749 4811 1844 4886 insti·
