4448 5964
550 536 593 596 22
771 624 775 632 ·
939 527 1004 592 Dr:
1043 524 1386 592 SCRIPTORIBUS
1422 523 1590 587 SCOTIS.

552 722 711 794 Roberto
742 716 893 791 secundo
921 716 997 813 regi
1037 716 1112 812 ejus
1152 713 1304 787 nominis
1333 736 1444 785 carus.
1508 712 1599 784 Cum
1630 709 1785 783 Henrico
1825 708 2003 793 Wardlao,

551 850 810 948 archiepiscopo
844 848 952 922 tertio
985 848 1020 920 S.
1049 847 1224 929 Andreae,
1258 844 1304 918 ad
1337 844 1505 917 Carolum
1534 842 1672 917 Galliae
1701 866 1822 940 regem
1856 840 2005 914 destina·

551 996 610 1058 tus
636 993 766 1066 orator,
797 981 948 1054 foederis
975 1005 1056 1052 cum
1084 978 1269 1053 Gallorum
1293 987 1400 1073 gente
1425 974 1574 1049 seriendi
1594 973 1719 1072 gratia,
1747 984 1823 1046 tam
1847 971 2005 1069 graviter

552 1128 589 1190 et
624 1116 819 1213 prudenter
843 1137 973 1187 munus
999 1111 1100 1186 suum
1130 1110 1167 1183 in
1196 1134 1240 1183 ea
1264 1106 1442 1205 legatione
1468 1106 1614 1180 functus
1644 1106 1702 1191 est,
1730 1116 1771 1179 ut
1800 1104 1846 1178 ad
1876 1103 2006 1201 episco-

552 1259 676 1346 patum
715 1245 971 1321 Pittaviensem
1005 1271 1027 1318 a
1062 1243 1190 1318 Carolo
1232 1266 1316 1339 rege
1351 1238 1392 1312 srt
1427 1242 1600 1324 evedlus3
1647 1249 1683 1312 et
1721 1263 1766 1312 ue
1805 1237 1891 1335 quid
1929 1236 2004 1333 ejus

553 1379 717 1478 dignitati
752 1375 891 1462 deesset,
921 1404 943 1451 a
973 1376 1145 1473 Gregorio
1177 1373 1373 1447 Undecimo
1408 1372 1572 1456 obtinuit,
1602 1382 1644 1444 ut
1672 1369 1874 1468 patriarcha
1903 1370 2007 1441 Anti-

553 1512 676 1586 ochiae
716 1510 924 1594 declaretur,
967 1533 1048 1581 cum
1081 1507 1189 1606 paulo
1222 1518 1305 1581 ante
1338 1504 1560 1578 cardinalitia
1593 1504 1766 1602 dignitate
1800 1506 1846 1578 ab
1880 1503 2005 1577 eodem

552 1643 719 1740 pontifice
748 1666 813 1738 pro
846 1639 950 1737 ipsius
979 1640 1168 1738 prudentia
1200 1650 1237 1711 et
1273 1636 1471 1721 eruditione
1504 1647 1650 1712 ornatus
1682 1633 1794 1720 esset3
1832 1660 1898 1710 nec
1931 1645 2007 1707 tam

553 1774 717 1872 precibus
749 1774 839 1848 tanti
880 1773 973 1870 regis
1004 1774 1092 1846 haec
1125 1770 1288 1855 obtinuit,
1319 1769 1378 1841 sed
1410 1770 1514 1866 louge
1549 1769 1691 1866 quidem
1725 1768 1838 1866 magis
1871 1766 2008 1841 meritis

554 1905 705 2003 propriis
721 1904 934 2002 impetravit,
952 1915 992 1977 ut
1009 1904 1157 1977 testatur
1184 1903 1422 1975 Demochares
1438 1912 1536 1976 tomo
1553 1902 1713 1975 secundo.
1766 1899 1909 1998 Scripsit

704 2036 891 2110 Orationes
907 2035 1113 2110 Gratiarum
1129 2035 1176 2109 ad
1193 2034 1405 2132 Gregorium
1424 2035 1668 2110 Undecimum.

703 2167 937 2266 Epistolarum
968 2169 1027 2242 lib.
1055 2168 1101 2241 ad
1131 2166 1321 2264 Episcopos
1350 2179 1387 2242 et
1416 2168 1593 2242 Doctores
1620 2168 1818 2252 Scotorum,
1847 2189 1914 2262 pro
1943 2164 2009 2237 Ca

753 2299 886 2373 tholica
903 2299 990 2372 Fide
1008 2299 1257 2373 confirmanda.

556 2431 694 2505 Claruit
709 2456 804 2505 anno
822 2429 964 2531 [1389]
983 2442 1155 2529 regnante
1172 2432 1332 2506 Roberto
1350 2430 1522 2504 Secundo.

982 2723 1049 2795 DE
1074 2722 1277 2796 ANDREA
1302 2725 1584 2800 FORMANNO.

557 2963 743 3034 Annam
777 2955 1018 3029 Fonunnnus
1051 2953 1333 3052 Edinburgenlis,
1366 2959 1427 3032 alii
1462 2984 1545 3034 vero
1578 2959 1681 3032 illum
1714 2956 2010 3055 Andreapolitan·

556 3117 618 3165 um
660 3089 728 3165 else
771 3088 904 3173 volunt,
939 3113 961 3161 a
995 3086 1126 3160 teneris
1167 3087 1269 3161 annis
1310 3089 1421 3163 literis
1455 3102 1492 3165 et
1524 3091 1649 3188 pietati
1683 3090 1820 3186 semper
1859 3088 2009 3174 deditus,

557 3232 722 3321 parentes
754 3220 880 3294 habuit
917 3218 1053 3304 divites,
1092 3242 1243 3315 quorum
1281 3244 1366 3295 cura
1397 3235 1434 3296 ot
1472 3221 1634 3321 impensis
1667 3223 1716 3296 est
1755 3220 1851 3294 domi
1884 3221 2011 3294 educa-

556 3367 647 3441 tus;
685 3353 812 3427 deinde
853 3349 1095 3447 Andreapolin
1133 3347 1262 3436 missus,
1304 3353 1365 3427 ubi
1404 3355 1563 3431 animum
1601 3353 1850 3452 philosophicis
1891 3353 2011 3426 studiis

558 3498 596 3560 et
628 3485 765 3560 artibus
803 3482 971 3567 excoluit,
1005 3491 1151 3579 propter
1184 3480 1288 3579 ipsius
1320 3485 1525 3561 industriam
1558 3487 1595 3559 in
1629 3487 1742 3561 literis
1773 3496 1811 3559 et
1844 3486 2012 3583 eloquen-

557 3620 618 3704 tia,
654 3627 737 3692 ante
773 3640 895 3689 omnes
926 3614 1184 3688 commilitones
1217 3616 1266 3689 est
1296 3617 1418 3691 laurea
1448 3617 1638 3717 insignitus.
1702 3617 1827 3691 Postea
1855 3616 1892 3689 in
1928 3617 2012 3690 Gal-

559 3751 623 3824 lias
658 3760 695 3823 et
733 3748 874 3822 Italiam
910 3747 959 3820 est
994 3747 1185 3843 prosedtus,
1215 3747 1277 3822 ubi
1312 3749 1523 3826 celebriores
1550 3751 1749 3824 academias
1778 3748 2010 3848 perlustravit,

559 3894 596 3956 et
631 3906 712 3955 oum
747 3877 949 3954 doctissimis
986 3876 1234 3976 professoribus
1271 3881 1466 3958 collocutus
1496 3884 1570 3970 est;
1609 3882 1735 3956 deinde
1766 3882 1919 3954 Romam
1952 3904 2012 3976 pe-

558 4013 627 4096 tiit,
657 4012 719 4087 ubi
748 4035 812 4109 per
841 4009 1024 4085 biennium
1053 4010 1102 4083 est
1129 4022 1375 4086 commoratus.
1431 4016 1574 4088 Interea
1599 4025 1745 4112 propter
1772 4011 1876 4111 ipsius
1901 4011 2014 4108 pieta-

559 4158 643 4230 tem,
673 4144 919 4229 eruditionem‚
951 4153 988 4216 et
1014 4142 1244 4216 constantiam
1273 4145 1431 4239 pontifici
1457 4172 1560 4220 carus
1588 4146 1728 4231 suerat;
1760 4170 1866 4243 quem
1894 4144 2014 4242 postea

559 4280 654 4353 idem
688 4276 848 4376 pontifex
881 4277 927 4351 ad
964 4275 1140 4349 Jacobum
1179 4276 1356 4362 Quartum
1395 4279 1592 4366 Scotorum,
1630 4279 1706 4377 post
1740 4277 1852 4374 patris
1885 4275 2012 4350 Jacobi

560 4409 671 4483 Tertii
701 4409 847 4494 obitum,
878 4407 924 4481 ad
963 4405 1214 4480 consiliandum
1242 4403 1346 4491 mifit,
1375 4432 1398 4481 a
1431 4432 1502 4504 quo
1534 4406 1754 4505 episcopatus
1786 4402 2013 4479 Moravienlis

560 4540 624 4640 ipfi
652 4541 702 4615 est
736 4538 923 4615 concellus
985 4539 1110 4614 Postea
1141 4563 1164 4612 a
1196 4540 1333 4614 Jaoobo
1360 4538 1498 4624 Quarto
1524 4563 1608 4638 rege
1639 4538 1677 4613 in
1710 4537 1846 4612 Gallias
1874 4537 2014 4634 legatus

559 4674 605 4748 ad
635 4672 852 4747 Ludovicum
880 4696 1000 4771 regem
1031 4668 1152 4745 missus
1180 4671 1238 4757 est,
1266 4697 1290 4746 a
1318 4694 1389 4768 quo
1418 4694 1484 4769 pro
1513 4670 1656 4770 egregia
1686 4668 1790 4767 ipsrus
1815 4668 1950 4766 pietate
1976 4677 2014 4740 et
