4448 5964
379 510 401 571 2
784 507 850 574 DE
885 506 1230 577 SCRIPTORIBUS
1264 506 1432 574 SGOTIS.

383 697 563 772 Oreadum
593 697 770 773 vivebant.
829 697 988 772 Tandem
1013 695 1167 771 moritur
1194 721 1288 771 anno
1317 694 1445 771 aetatis
1473 691 1557 769 suae
1582 692 1834 794 septuagefimo

382 830 500 917 tertio,
536 854 629 905 anno
658 829 928 928 Redemptionis
960 828 1108 905 humani
1140 826 1281 926 generis
1308 829 1392 915 565,
1427 825 1528 902 etin
1557 823 1692 901 Huensr
1725 824 1838 903 insula
1977 844 1986 860 ·

382 959 548 1060 sepultus,
573 961 637 1036 sub
661 960 834 1062 regimine
859 961 1013 1061 Eugenii
1037 960 1149 1037 Tertii
1172 960 1211 1034 in
1236 959 1365 1035 Sootia.

938 1256 1006 1332 DE
1031 1255 1292 1333 ΒΑΤΗΕΝΙΟ.

385 1489 598 1566 Barnnnos
632 1487 692 1562 seu
727 1483 924 1564 Bathenius
962 1486 1000 1560 in
1038 1487 1196 1564 Scotiam
1230 1488 1386 1563 multum
1423 1487 1596 1564 momenti
1637 1484 1760 1564 attulit
1794 1488 1840 1561 ad

386 1621 545 1697 eoelebas
578 1621 758 1696 Romanas
795 1619 1048 1706 reformandas,
1081 1618 1146 1694 l'ub
1184 1620 1357 1696 Pontifioe
1655 1676 1665 1707 ,
1700 1630 1742 1694 ut
1774 1617 1842 1694 tes-

368 1765 484 1845 ‚tatur
517 1755 766 1829 Adamannus:
811 1752 867 1826 vir
911 1752 1069 1828 austerae
1112 1751 1207 1829 vitae
1238 1762 1277 1827 et
1321 1751 1603 1838 conversationis,
1646 1749 1841 1850 plurimum

386 1886 652 1984 Scripturarum
684 1882 832 1958 ledtioni
865 1882 1015 1968 deditus,
1048 1892 1191 1957 tantum
1224 1909 1309 1959 vero
1335 1884 1418 1958 inde
1451 1883 1610 1983 profecit,
1644 1891 1686 1959 ut
1720 1906 1842 1981 quam·

385 2018 539 2118 plurima
563 2015 744 2092 volumina
768 2013 964 2113 posteritati
988 2013 1183 2113 reliquerit,
1209 2016 1304 2092 inter
1328 2041 1427 2121 quae
1445 2017 1534 2093 haee
1558 2038 1693 2116 pauca:

535 2151 591 2224 De
617 2174 702 2224 vero
727 2155 764 2223 et
787 2146 921 2223 finoero
946 2146 1016 2221 Dei
1040 2147 1161 2224 cultu.

536 2281 787 2357 Meditationes
810 2279 849 2355 in
873 2280 1029 2356 Mortem
1053 2290 1092 2356 et
1116 2279 1314 2357 Paffionem
1338 2280 1476 2356 Christi.

387 2416 437 2490 Et
469 2414 584 2490 multa
618 2413 697 2490 alia
759 2411 898 2489 Claruit
932 2436 1026 2489 anno
1060 2436 1084 2488 a
1118 2423 1226 2512 partu
1260 2412 1418 2514 Virginis
1443 2413 1526 2502 706,
1563 2412 1651 2488 dum
1686 2412 1843 2489 habenas

386 2547 489 2646 regni
513 2548 688 2623 uadtaret
711 2544 895 2646 Eugenius
917 2543 1108 2645 Septimua

776 2839 844 2915 DE
869 2839 1120 2917 GULIELMO
1144 2835 1452 2914 ALBANIENSI.

391 3075 617 3150 Gunmmrus
640 3072 911 3160 Ananumuus,
940 3071 1136 3148 monachus
1164 3071 1202 3147 in
1227 3069 1342 3148 insula
1366 3069 1520 3146 Huenfi:
1550 3070 1734 3171 postquam
1758 3095 1845 3147 vero

390 3208 604 3283 monachum
633 3205 808 3292 induerat,
837 3205 1075 3281 aerifervore
1100 3206 1238 3282 etzelo
1266 3203 1367 3281 libris
1394 3203 1556 3283 incubuit
1579 3206 1627 3282 ad
1651 3205 1687 3282 S.
1712 3206 1846 3283 Alban-

389 3369 451 3418 um
476 3340 610 3416 ordinis
634 3339 670 3414 S.
695 3337 893 3416 renodat.
943 3338 1098 3416 Natione
1120 3338 1240 3414 fluerat
1260 3337 1396 3413 Suetus.
1446 3338 1506 3412 Ad
1529 3338 1734 3437 exemplum
1757 3337 1846 3415 alio·

390 3500 472 3551 rum
504 3473 667 3561 fratrum,
701 3471 765 3572 qui
787 3471 827 3547 in
851 3471 977 3548 eodem
1010 3457 1182 3548 coenobio
1213 3469 1328 3546 literis
1358 3469 1621 3560 incumbebant,
1653 3470 1728 3571 ipse
1751 3471 1845 3548 alao-

390 3608 465 3683 rius
489 3604 620 3682 studuit
645 3614 686 3680 ut
710 3603 802 3704 ipsos
826 3604 1002 3680 incitaret.
1051 3601 1195 3702 Soripfit

540 3736 662 3812 Vitam
687 3735 724 3810 S.
749 3733 882 3810 Albani
906 3734 1085 3834 Martyris.
1111 3734 1254 3812 Sootioo
1277 3732 1448 3810 sermone.

389 3870 526 3948 claruit
550 3893 645 3945 anno
669 3866 864 3944 Salvatoria
887 3867 1016 3943 Mundi
1042 3872 1127 3956 590,
1152 3878 1326 3967 regnante
1351 3867 1492 3944 Aidano
1515 3865 1556 3942 in
1579 3865 1710 3945 Scotia.

951 4164 1020 4239 DE
1043 4162 1287 4240 BERVIOIO.
1426 4156 1434 4173 ⁶

389 4398 612 4485 Buavrcrua
642 4420 843 4496 exgenere
875 4396 1065 4473 Scotorum
1092 4393 1262 4470 oriundus
1286 4392 1324 4469 in
1349 4394 1485 4472 Mercia
1516 4395 1657 4474 Sootiae
1687 4396 1846 4474 australis

387 4531 579 4631 provincia,
605 4530 643 4604 in
667 4529 771 4607 bonis
794 4529 908 4605 literis
932 4540 969 4605 et
993 4529 1154 4605 moribus
1181 4538 1371 4624 parentum
1395 4553 1482 4604 cura
1506 4539 1544 4606 et
1573 4528 1736 4629 impertis
1760 4530 1846 4605 edu·

386 4673 497 4748 catus,
542 4661 661 4760 postea
703 4660 900 4736 Edsredum
941 4660 1142 4761 opifoopum
1185 4658 1514 4748 Lindiefernensem,
1556 4663 1714 4749 Sootum,
1745 4686 1847 4762 prae·

384 4804 572 4894 ceptorem
610 4791 746 4881 habuit,
782 4793 878 4893 apud
920 4817 1027 4893 quem
1063 4790 1258 4892 plurimum
1296 4791 1335 4880 in
1371 4791 1479 4870 saurir
1519 4794 1633 4872 literis
1672 4796 1824 4896 profecit
1835 4823 1844 4883 ;
