4448 5964
592 538 657 603 Dr}
693 534 1035 603 SCRIPTORIBUS
1069 535 1237 601 SGOTIS.
1602 543 1646 623 27

198 730 292 803 enim
321 727 457 803 studiis.
472 727 553 826 plus
585 724 720 822 aliquid
747 748 854 823 quam
888 723 1034 820 vulgare
1062 724 1101 797 in
1131 745 1174 798 eo
1203 723 1394 821 apparuit3
1428 725 1466 797 in
1499 737 1650 824 utroque

191 861 283 958 jure,
326 858 496 934 canonico
536 867 574 932 et
612 856 716 942 civili,
757 879 903 953 operam
942 855 1122 954 egregiam
1164 854 1305 931 Parisiis
1342 859 1495 933 navavit.
1568 860 1649 932 Post

199 991 273 1089 ejus
296 990 453 1066 reditum
482 989 519 1064 in
548 988 712 1087 patriam,
740 1011 806 1087 pro
835 985 941 1086 ipfius
968 985 1093 1085 insigni
1122 987 1321 1063 eruditione
1351 1000 1389 1064 ct
1415 990 1550 1064 summa
1578 992 1652 1089 pie-

198 1133 272 1197 tate
304 1123 352 1198 ad
384 1146 515 1195 munus
554 1119 774 1220 episcopatus
814 1118 1073 1195 Aberdonensrs
1110 1118 1277 1195 consensu
1314 1121 1475 1196 omnium
1508 1125 1651 1198 canoni·

198 1278 320 1328 corum
347 1253 443 1328 illius
468 1252 642 1339 ecclesiae,
669 1261 815 1327 vocatus
841 1249 937 1335 suit3
969 1248 1007 1323 in
1036 1275 1107 1350 quo
1141 1276 1288 1324 munere
1323 1251 1375 1326 ita
1404 1252 1439 1328 se
1468 1252 1579 1352 gessit,
1610 1267 1651 1328 ut

198 1411 325 1462 nomen
369 1385 505 1486 optimi,
544 1386 654 1461 immo
686 1382 874 1459 douiffimi
917 1393 955 1458 et
990 1380 1129 1481 piiffimi
1172 1380 1332 1480 episcopi,
1378 1364 1465 1459 dum
1504 1387 1649 1473 viveret,

197 1519 291 1616 apud
318 1541 441 1593 omnes
469 1515 675 1592 consecutus
703 1515 754 1590 lit.
807 1515 1045 1590 Humaniores
1073 1525 1178 1602 artes,
1209 1539 1297 1614 quas
1324 1516 1457 1614 optime
1486 1519 1649 1605 callebat,

197 1674 278 1723 cum
305 1648 496 1747 theologia,
526 1647 752 1723 scientiarum
780 1645 933 1730 domina,
963 1645 1154 1720 uonvinxit.
1217 1646 1372 1744 Jamque
1403 1649 1449 1722 ad
1483 1675 1526 1725 ea
1559 1677 1650 1748 quae

195 1782 409 1880 posteritatis
426 1780 584 1866 utilitati,
603 1781 685 1856 suae
704 1781 820 1856 famae
843 1777 1102 1854 immortalitati
1118 1778 1311 1864 consulens,
1335 1780 1372 1853 in
1392 1782 1510 1857 lucem
1526 1783 1648 1869 emisit,

197 1913 397 1989 veniamus:

343 2045 388 2119 In
426 2042 566 2119 sextum
602 2043 854 2129 Decretalium,
892 2052 930 2116 et
968 2042 1219 2129 clementinas,
1254 2056 1417 2120 seruatas
1455 2057 1492 2120 et
1526 2047 1649 2145 dignas

393 2175 656 2253 Enarrationea

344 2309 610 2384 commentaria
626 2309 725 2385 varia
740 2310 777 2382 in
795 2306 909 2382 varias
925 2303 1173 2402 Apostolorum
1190 2305 1369 2404 Epillolas

345 2440 535 2515 Sermones
551 2441 675 2515 varioa

198 2571 333 2646 llxtam
361 2572 510 2657 codices
540 2571 609 2645 viri
638 2570 842 2671 diligentiae
868 2568 1002 2644 indices
1025 2567 1064 2642 in
1089 2593 1129 2643 re
1156 2569 1335 2656 literaria3
1370 2582 1406 2645 et
1435 2573 1550 2647 multa
1579 2574 1649 2647 alia

196 2714 398 2802 temporum
426 2704 658 2803 malignitate,
689 2728 771 2777 cum
800 2701 909 2801 Angli
941 2699 1166 2775 Aberdoniae
1195 2702 1315 2776 omnia
1350 2702 1425 2777 sere
1459 2705 1648 2779 nouorum

197 2835 326 2935 scripta
366 2836 627 2922 comburerent,
660 2835 854 2935 perienmt,
887 2845 928 2909 ut
957 2831 1130 2907 testantur
1171 2834 1344 2908 Boethius
1377 2846 1414 2909 et
1449 2837 1648 2912 Chronicon

198 2967 380 3043 Seonense.
449 2969 614 3044 Mortuus
659 2992 754 3042 anno
791 2967 886 3067 regis
923 2963 1050 3040 Jacobi
1089 2964 1243 3040 Secundi
1280 2966 1444 3065 vigesimo
1486 2969 1647 3055 secundo,

199 3097 324 3173 Christi
341 3123 426 3175 vero
445 3099 593 3197 [1458]

635 3394 700 3467 DE
726 3394 991 3470 BALDREDO
1016 3396 1213 3471 BISSAIT.

199 3623 430 3699 Bannnunus
460 3624 623 3708 BIsslur,
653 3623 689 3696 in
714 3648 801 3722 agro
823 3623 1019 3698 Stirlinenli
1041 3636 1155 3712 natus,
1180 3651 1224 3700 ex
1247 3626 1395 3725 antiqua
1423 3627 1649 3707 Billaitorum

198 3754 331 3830 familia
355 3755 534 3842 oriundus,
560 3780 606 3830 ex
633 3781 704 3854 qua
728 3755 863 3830 familia
888 3755 1032 3852 plurimi
1058 3756 1125 3829 viri
1150 3757 1283 3857 egregii
1306 3757 1344 3832 in
1366 3761 1475 3834 armis
1497 3763 1649 3839 flomere

198 3888 397 3986 aliquando,
422 3888 576 3962 maxime
604 3911 688 3961 vero
713 3897 874 3985 tempore
900 3887 1050 3962 Roberti
1075 3886 1199 3961 Brufii.
1251 3887 1320 3963 Hic
1344 3916 1367 3965 a
1391 3893 1523 3966 teneris
1549 3898 1650 3970 aunis

199 4019 353 4095 nutritus
386 4020 424 4093 in
452 4019 571 4094 schola
604 4017 809 4102 Stirlinensi,
844 4018 882 4091 in
913 4043 984 4118 qua
1012 4018 1206 4116 plurimum
1241 4019 1278 4093 in
1312 4020 1497 4097 literarum
1531 4026 1650 4100 studiis

197 4149 372 4247 prosecit;
404 4175 486 4224 cum
514 4160 636 4225 autem
666 4150 713 4223 ad
741 4149 973 4225 maturiorem
1002 4162 1158 4227 aetatem
1186 4151 1407 4251 pervenisset,
1437 4157 1483 4230 ad
1515 4160 1650 4234 Acade

134 4334 142 4343 -
199 4282 305 4358 mam
334 4282 562 4358 Andreanam
592 4280 645 4356 est
675 4281 867 4381 professus,
901 4283 963 4358 ubi
992 4283 1133 4359 cursum
1165 4285 1445 4383 philosophicum
1477 4292 1649 4386 perfecit;

199 4414 325 4490 deinde
357 4415 397 4489 in
429 4413 564 4490 Gallias
597 4414 788 4512 professus,
823 4415 885 4488 ubi
918 4415 1055 4512 majora
1088 4427 1124 4489 et
1158 4416 1307 4490 meliora
1341 4417 1473 4491 didicit.
1525 4422 1649 4498 Postea

199 4546 354 4621 breviter
369 4546 408 4621 in
423 4545 577 4644 patriam
593 4546 709 4631 rediit,
727 4545 790 4619 ubi
808 4544 990 4643 scripserat

345 4678 420 4755 Lib.
439 4700 466 4751 1.
482 4679 526 4752 de
542 4678 631 4752 lure
649 4678 759 4777 Regis
775 4677 926 4751 Roberti
942 4689 1068 4752 contra
1082 4679 1107 4752 J
1108 4703 1259 4754 oannem
1276 4680 1475 4756 Balliolum.

1532 5396 1820 5614 A
