4448 5964
626 524 691 590 DE
726 523 1069 592 SCRIPTORIBUS
1105 525 1272 594 SCOTlS.
1642 532 1686 611 97

227 712 344 788 salutis
387 712 484 786 1499
526 710 572 786 ad
613 708 797 786 meliorem
834 711 973 810 frugem
1019 723 1057 788 et
1099 712 1194 788 vitae
1228 711 1438 800 institutum,
1471 713 1593 791 accitis
1634 739 1679 791 cr

228 844 376 919 Mantua
412 840 560 916 novellis
596 842 857 919 carmelitanae
897 843 1015 919 sectae
1056 842 1314 943 professoribus,
1355 845 1593 945 compelleret,
1635 871 1680 922 ex

228 976 294 1050 illis
332 974 458 1074 viginti
497 974 636 1049 duobus
658 978 660 984 ’
670 974 862 1072 juvenibus
900 974 1064 1061 studiosis
1104 999 1194 1074 quos
1234 1001 1280 1052 ex
1321 976 1506 1077 praeditto
1546 976 1681 1054 Montis

69 1183 75 1199 ,
227 1106 333 1183 Acuti
368 1105 526 1205 Collegio
558 1106 605 1180 ad
637 1129 717 1181 eam
749 1105 1004 1203 plantationem
1038 1131 1166 1182 novam
1199 1118 1396 1206 paraverat,
1431 1119 1469 1184 et
1500 1109 1559 1184 hic
1588 1133 1680 1184 unus

225 1237 323 1314 suilse
352 1238 569 1337 perhibetur.
620 1237 745 1312 Postea
777 1237 928 1313 Mariam
957 1238 1154 1314 Galliarum
1183 1241 1352 1339 reginam,
1382 1239 1549 1316 Lodovici
1583 1242 1679 1316 Duo·

227 1370 354 1445 decimi
387 1367 556 1467 sponsam,
590 1377 627 1442 et
661 1367 808 1444 Henrici
844 1369 972 1444 Ottavi
1009 1370 1207 1468 Anglorum
1243 1370 1338 1470 regis
1372 1369 1537 1457 sororem,
1578 1369 1679 1470 inlig-

226 1526 307 1577 nem
341 1502 585 1600 Maecenatem
615 1509 653 1574 et
682 1497 874 1574 studiorum
903 1500 1045 1575 suorum
1078 1501 1263 1576 fautricem
1291 1502 1436 1589 habene,
1466 1503 1542 1600 polt
1575 1525 1679 1602 argu-

227 1647 281 1709 tas
323 1643 361 1706 et
394 1630 547 1730 spinosos
581 1630 619 1705 in
652 1654 781 1729 magna
820 1630 982 1706 Serbona
1013 1632 1303 1719 concertationes,
1338 1632 1556 1732 theologicos
1597 1658 1677 1730 gra·

225 1767 290 1841 dus
330 1774 369 1840 et
409 1762 629 1839 doctoralem
670 1763 829 1839 lauream
870 1756 1026 1862 suscepit.
1077 1762 1172 1837 Hinc
1215 1763 1423 1839 constitutus
1456 1765 1506 1838 elt
1539 1764 1675 1849 Albine,

225 1896 424 1982 Meldunae,
452 1919 495 1971 ac
521 1893 665 1970 Tolosae
694 1892 745 1968 sui
774 1894 908 1969 ordinis
938 1894 1203 1983 coenobiarcha,
1234 1906 1271 1970 et
1297 1895 1501 1994 praedictae
1531 1895 1676 1971 Albien-

224 2030 265 2105 lis
305 2051 371 2128 per
412 2050 472 2103 eas
512 2036 632 2126 partes
672 2025 933 2100 reformationis
974 2025 1134 2101 vicarius.
1185 2027 1270 2102 Fuit
1311 2026 1452 2126 insuper
1492 2025 1677 2102 Francisco

224 2159 421 2236 Galliarum
447 2157 524 2257 regi
554 2183 577 2233 a
605 2154 838 2233 conscientiae
864 2155 1015 2235 secretis.
1066 2157 1133 2231 Vir
1158 2157 1255 2232 mitis
1281 2170 1319 2234 et
1344 2157 1556 2244 mansuetus,
1582 2160 1676 2234 vitae

224 2291 482 2392 integerrimae,
507 2312 669 2389 magnae·
683 2287 847 2364 lettionis
871 2288 1126 2375 odoarium,
1151 2289 1286 2363 multae
1311 2288 1495 2364 charitatis
1519 2301 1556 2365 et
1586 2291 1674 2375 neli3

223 2426 260 2498 in
293 2421 422 2498 divinis
447 2420 585 2520 scriptis
610 2431 648 2496 et
673 2418 820 2495 seculari
853 2418 1081 2519 philosophia,
1111 2443 1219 2517 quarn
1249 2420 1507 2497 Aristotelicam
1537 2433 1674 2508 vocant,

223 2554 403 2656 insigniter
432 2552 619 2640 eruditus;
655 2561 734 2626 erat
762 2550 872 2626 etiam
899 2550 1065 2649 prudens,
1094 2551 1221 2649 gravis,
1251 2562 1288 2626 et
1317 2553 1533 2630 auctoritate
1566 2554 1675 2651 pluri·

223 2713 322 2765 mum
355 2686 502 2785 pollens,
535 2684 690 2771 humilis,
730 2683 915 2769 modestus,
954 2683 1129 2780 pacificus
1165 2683 1262 2758 omni
1304 2684 1456 2782 denique
1498 2683 1674 2760 virtutum

221 2844 351 2920 genere
380 2827 527 2894 ornatus
555 2826 592 2892 et
619 2816 790 2892 excultus.
842 2815 913 2890 Sed
940 2838 1034 2888 nunc
1060 2815 1106 2889 ad
1131 2816 1313 2914 praeclara
1340 2815 1404 2890 illa
1431 2813 1564 2915 ingenii
1593 2815 1675 2892 doc·

223 2934 408 3050 minaeque
436 2959 677 3037 monumenta,
708 2972 800 3046 quae
827 2947 902 3046 polt
935 2945 979 3032 se,
1012 2946 1099 3044 {tylo
1133 2946 1328 3023 Scrbonico
1357 2945 1563 3045 conscripta,
1593 2948 1675 3023 roli-

223 3083 310 3183 quit,
327 3081 519 3157 veniamus.
570 3078 722 3178 Scripsit,

371 3211 429 3289 Ad
461 3211 685 3312 praedictum
718 3210 936 3286 Ludovicum
969 3209 1171 3288 Albiensem
1204 3210 1424 3311 Episcopum,
1457 3136 1502 3286 de
1541 3211 1672 3310 duplici

418 3344 606 3430 Poteltate,
622 3342 683 3418 lib.
701 3363 725 3417 ι

312 3461 317 3469 ’
369 3474 633 3551 Elucidationes
649 3472 924 3559 Sententiarum,
940 3472 1001 3549 lib.
1019 3494 1072 3548 ιι.

368 3605 606 3683 Collettiones
621 3604 842 3692 Sorbonicas,
858 3604 918 3679 lib.
936 3624 961 3678 1.

370 3738 414 3813 In
426 3737 578 3813 Politice
593 3736 799 3824 Aristotelis
816 3735 876 3812 lib.
893 3756 978 3811 vm.

369 3868 424 3945 De
441 3869 594 3945 Animae
618 3866 786 3943 Potentia
800 3867 942 3966 triplici,
959 3865 1020 3941 lib.
1037 3887 1061 3941 ι.

368 3999 581 4077 naamam
597 3997 824 4074 rourum
839 3996 1052 4098 theologici,
1072 3997 1132 4073 uu.
1150 4017 1174 4075 1.
1265 3976 1271 3986 '

369 4131 424 4208 De
441 4130 573 4230 triplici
588 4130 805 4229 Principatu,
822 4129 883 4205 lib.
900 4151 925 4204 1.

368 4262 424 4338 De
441 4262 645 4360 Scripturae
662 4260 855 4336 Sententiis
870 4259 985 4347 variis,
1002 4260 1063 4336 lib.
1081 4281 1105 4335 1.

369 4393 584 4473 Sermones
573 4418 612 4468 ιιι
627 4391 821 4492 Evangelia
836 4401 874 4467 et
890 4391 1062 4491 Epistolas
1077 4413 1143 4491 per
1157 4389 1241 4467 anni
1257 4390 1456 4478 circuitum,
1473 4391 1533 4468 lib.
1552 4412 1592 4468 ιι

368 4528 411 4603 In
437 4525 647 4603 Psalterium
663 4523 1071 4610 Commentarioslib.1.

367 4658 882 4760 DeRegnoOhriltiaeternc,
900 4656 959 4731 lib.
977 4677 1002 4730 1.

1138 4785 1142 4792 ·
1498 4776 1521 4827 o
