4470 5962
712 550 777 614 DE
815 548 1160 617 SCRIPTORIBUS
1198 549 1366 617 SCOTIS.

450 738 567 836 Super
584 737 749 813 canones
763 737 999 825 Arrachaelis,
1017 738 1077 813 lib.
1095 760 1120 812 1.

451 869 510 945 Ad
527 869 698 963 Carolum
715 870 862 969 Regem,
881 869 941 945 lib.
959 892 984 943 1.

451 1003 582 1079 Versus
598 1001 722 1077 diverfi
738 1004 887 1102 generis,
906 1003 966 1078 lib.
985 1025 1009 1076 1.

447 1134 491 1210 In
507 1135 743 1234 Evangelium
759 1135 944 1222 Matthaei,
962 1136 1022 1211 lib.
1041 1156 1096 1211 111.

450 1266 505 1341 Dc
522 1267 656 1342 Officiis
672 1267 857 1354 Humanis,
877 1267 938 1343 lib.
957 1290 981 1341 1.

449 1398 505 1473 De
522 1399 656 1474 Officiis
674 1399 823 1486 Divinis,
840 1400 901 1474 lib.
919 1423 945 1474 1.

450 1527 640 1626 Dialogum
657 1528 702 1603 de
719 1530 866 1616 Natura,
886 1530 946 1604 lib.
965 1549 989 1602 1.

445 1659 501 1733 De
518 1659 677 1735 Naturae
693 1658 880 1748 Divisione
898 1661 959 1735 lib.
977 1681 1001 1733 1.

448 1790 504 1865 De
519 1790 636 1888 primo
653 1790 791 1867 Rerum
807 1792 999 1892 Principio,
1016 1791 1078 1865 lib.
1096 1810 1121 1862 1.

448 1922 503 1997 De
523 1923 751 2010 Eucharistia,
769 1925 829 1999 lib.
847 1947 872 1999 1.

447 2055 730 2130 Commentarios
747 2055 1020 2155 scripturarum,
1038 2055 1100 2131 lib.
1118 2077 1143 2129 1.

448 2186 622 2263 Homilias
638 2187 805 2275 eruditas,
823 2187 883 2263 lib.
901 2210 926 2261 1.

445 2319 500 2394 De
518 2319 706 2395 Germanis
716 2320 822 2418 juxta
838 2319 1026 2407 Irenicum,
1044 2321 1105 2395 lib.
1123 2340 1148 2392 1.
1746 2414 1752 2425 ι

298 2454 419 2550 Atque
441 2451 520 2539 alia,
538 2463 580 2526 ut
605 2452 683 2527 vult
705 2452 887 2528 Bostonus.
936 2451 1019 2526 Divi
1036 2450 1222 2550 Augussini
1239 2450 1555 2526 Benedictinorum
1579 2457 1750 2531 coenobio

298 2584 447 2660 Carolus
475 2584 571 2658 hunc
598 2584 711 2658 Ticini
737 2583 930 2682 praefecit;
961 2584 999 2656 in
1029 2607 1100 2681 quo
1128 2592 1165 2658 et
1190 2584 1297 2658 l'enex
1326 2579 1446 2659 obiiffe
1474 2596 1622 2683 putatur
1655 2613 1749 2663 anno

297 2727 421 2815 partus
436 2717 585 2818 virginei
605 2720 687 2805 792,
705 2718 841 2793 Achaio
859 2718 975 2794 Scotis
990 2715 1227 2815 imperitante.

788 2986 1019 3089 ananias
1043 3015 1258 3091 monas.

300 3243 496 3331 ammas
527 3254 762 3343 cognomento
782 3245 1018 3344 Magnentius
1050 3247 1206 3335 Maurus,
1241 3247 1376 3323 Fuldae
1409 3247 1581 3333 conditor,
1613 3248 1748 3322 archie-

297 3375 458 3475 piscopus
490 3378 730 3477 Mogentinus,
772 3377 916 3453 Alcuini
948 3358 1210 3479 praeclarillimi
1249 3405 1322 3454 non
1354 3389 1430 3455 tam
1471 3377 1607 3478 collega
1640 3406 1747 3478 quam

299 3507 496 3607 discipulus,
522 3509 666 3584 natione
694 3510 830 3597 Scotns,
853 3520 895 3585 ut
921 3511 1053 3587 Baleus
1075 3511 1212 3611 Anglus
1236 3511 1319 3586 satis
1342 3512 1472 3610 probat
1495 3522 1620 3587 contra
1643 3513 1748 3587 Rico-

297 3640 443 3716 baldum
472 3638 741 3727 Ferrariensem,
776 3641 1030 3729 Ptolemaeum,
1064 3644 1347 3730 Volaterranum,
1378 3656 1415 3717 et
1447 3643 1543 3729 alios,
1575 3645 1635 3742 qui
1666 3670 1748 3718 eum

299 3784 479 3872 utcsmque
507 3773 664 3873 Anglum
697 3774 936 3849 nominarunt.
989 3775 1169 3849 Rnbertus
1201 3774 1376 3850 Gonletus
1409 3776 1601 3873 Compend.
1636 3775 1749 3851 Privi-

298 3904 365 4004 leg.
394 3906 606 3981 Academiae
634 3904 853 3982 Parifienlis:
890 3907 1079 3983 “Primam
1112 3907 1311 4007 theologiae
1341 3905 1458 3981 sedem
1489 3907 1527 3980 in
1557 3908 1749 3982 Academia

234 4095 236 4099 >
298 4035 477 4115 Parifienli
505 4037 698 4137 posuerunt
728 4038 910 4128 alcuinus
939 4039 1106 4126 Joannes,
1138 4041 1317 4127 Rabanus
1347 4032 1383 4113 ct
1413 4038 1591 4124 Claudius,
1622 4037 1748 4113 Scoti.”

298 4170 434 4249 Eadem
450 4170 702 4246 Genebrardus
719 4171 931 4270 chronolog.
948 4197 1027 4271 pag.
1045 4176 1128 4248 519.
1172 4172 1305 4246 Girald.
1327 4169 1577 4246 Ferrarienfis:
1597 4184 1617 4212 ⁴⁶
1630 4170 1749 4245 Delati

298 4301 336 4376 in
359 4302 513 4378 Galliam
537 4329 557 4378 e
580 4303 700 4378 Scotia
723 4303 891 4378 Claudius
914 4304 1079 4391 Demens
1103 4299 1282 4390 maanus
1309 4314 1346 4379 et
1376 4304 1577 4378 Alcuinus.”
1627 4302 1750 4377 Omifit

297 4434 485 4522 Joannem,
513 4446 550 4510 et
575 4460 641 4533 pro
672 4436 857 4511 Clemente
891 4437 1103 4511 Dementem
1130 4435 1224 4511 male
1251 4435 1347 4534 legit.
1401 4435 1563 4532 Denique
1593 4435 1688 4509 Galli
1713 4445 1750 4509 et
1887 4414 1889 4418 Α

299 4565 470 4643 nostrates
499 4592 622 4642 omnes
651 4569 696 4642 ad
726 4592 838 4642 unum
864 4567 949 4643 fore.
1004 4569 1181 4644 Tenuerat
1208 4568 1378 4642 Rabanus
1404 4567 1520 4641 adhuc
1546 4566 1749 4653 monachus,

298 4695 415 4794 inquit
445 4697 671 4784 Trithemius‚
706 4686 860 4773 scholam
893 4698 1148 4775 monachorum
1180 4698 1359 4797 publicam
1393 4699 1431 4773 in
1464 4698 1635 4773 coenobio
1668 4698 1752 4773 Ful-

298 4823 405 4915 denss,
436 4854 544 4935 quam
571 4830 680 4906 etiam
709 4831 818 4906 abbas
844 4829 1075 4917 continuavit,
1103 4830 1142 4904 in
1169 4854 1241 4927 qua
1266 4830 1457 4905 monachos
1482 4853 1554 4904 non
1579 4827 1691 4902 solum
1715 4829 1752 4905 in

1579 4949 1606 5002 Κ
