4470 5962
597 136 618 151 r·
649 130 690 153 .‹.'

563 174 576 187 ··
600 150 617 198 ἶ·-
643 128 729 303 iri]

584 218 634 244 c¹·;'
656 199 710 237 ⁸⁶3

590 282 608 310 ,ᾗ
633 269 645 299 ¹¹
683 290 690 303 ⁴
722 308 725 313 ,

541 198 595 483 {J
613 333 632 368 ’.·.
654 335 665 353 ’ν
694 312 748 381 2'}

587 394 659 457 ..,ιῖ
698 422 716 451 s·

579 478 602 500 ,ἢ
617 454 716 501 ''lists‘'

726 432 729 438 ’
792 481 856 546 nn
891 480 1235 549 scnmronnsus
1270 485 1438 551 sconis.
1791 491 1852 553 101

378 667 570 765 optimam,
600 664 734 742 solicite
763 692 786 743 a
816 668 1032 765 parentibus,
1065 667 1189 743 illustri
1218 670 1379 769 prosapia
1406 673 1508 757 netis,
1536 673 1583 747 sd
1612 674 1783 774 pietatem
1811 686 1848 750 ct

386 799 499 874 studia
531 800 706 874 bonarum
736 798 868 874 artium
900 797 1057 875 nutritus
1089 799 1148 874 est.
1217 801 1292 876 Nec
1322 801 1435 878 defuit
1464 803 1548 879 huic
1581 807 1674 880 bono
1707 803 1848 880 consilio

387 928 473 1005 felix
509 937 683 1015 eventus3
716 929 831 1028 primo
864 929 959 1003 enim
994 929 1116 1005 literas
1148 931 1375 1007 humaniores
1404 945 1572 1009 accurate
1605 935 1737 1020 didicit,
1763 959 1848 1010 mox

388 1061 434 1137 ad
453 1061 583 1136 altiora
606 1059 780 1158 paulatim
808 1059 1007 1145 ascendens,
1036 1060 1277 1162 philosophiae
1304 1065 1521 1141 curriculum
1548 1067 1657 1142 etiam
1687 1065 1847 1142 emensus

388 1193 465 1279 ell3
494 1192 613 1289 postea
636 1190 845 1291 theologicis
868 1192 989 1266 studiis
1018 1191 1053 1266 se
1076 1201 1194 1267 totum
1224 1194 1369 1280 dedidit,
1395 1207 1432 1271 et
1456 1196 1633 1272 sacrarum
1663 1197 1847 1272 literarum

389 1324 491 1400 usum
514 1322 581 1399 fibi
604 1324 815 1400 familiarem
838 1323 1016 1412 reddidit;
1041 1350 1064 1401 a
1087 1323 1211 1425 primis
1234 1325 1329 1401 enim
1354 1328 1457 1403 annis
1481 1328 1622 1404 deditus
1644 1328 1848 1429 dicensque

391 1454 496 1532 saeris
527 1453 607 1542 suit,
639 1479 707 1530 nec
739 1455 930 1555 quicquam
962 1455 1062 1553 prius
1094 1454 1221 1531 habuit
1256 1481 1365 1555 quam
1398 1458 1476 1532 Deo
1509 1469 1547 1533 et
1581 1461 1688 1535 rebus
1721 1459 1848 1534 divinis

392 1585 568 1662 inservire.
619 1585 778 1660 Tandem
803 1586 850 1660 ob
877 1582 1088 1684 lingulmem
1113 1586 1284 1663 virtutem
1312 1600 1349 1664 et
1374 1589 1618 1676 eruditionem,
1644 1592 1747 1667 bonis
1773 1615 1848 1665 om·

391 1716 505 1804 rubus,
537 1715 779 1815 imprimisque
810 1715 888 1814 regi
919 1715 1056 1791 Jacobo
1094 1716 1239 1805 Quinto,
1278 1743 1382 1793 carus
1416 1719 1546 1807 extitit,
1582 1721 1677 1796 unde
1709 1745 1793 1796 eum
1826 1746 1848 1795 a

392 1844 641 1926 confeffionum
669 1845 812 1922 secretis
839 1845 934 1920 secit.
1001 1846 1073 1921 Sed
1100 1844 1228 1942 postea,
1258 1845 1394 1923 relisus
1423 1847 1584 1932 fortunis,
1613 1847 1651 1926 in
1680 1848 1872 1947 Anglium⁴

391 1977 427 2054 se
465 1978 601 2077 recepit
632 1975 813 2077 religionis
845 2000 930 2075 ergo
962 1975 1070 2051 bomo
1110 1975 1363 2107 usquequaque
1398 1979 1504 2078 pius;
1542 1978 1637 2055 sama
1676 1978 1846 2079 liquidem

390 2120 585 2211 acceperet,
623 2110 699 2209 post
734 2108 942 2203 Cimmerias
976 2109 1152 2193 tenebras,
1180 2107 1219 2183 in
1253 2108 1385 2210 englis
1418 2110 1594 2186 Obrislum
1626 2109 1664 2185 in
1691 2110 1847 2209 puritate

393 2241 568 2341 evangelii
596 2238 885 2340 resplendescere.
955 2237 1155 2314 Londinum
1185 2237 1296 2337 igitur
1328 2238 1480 2340 impiger
1509 2239 1625 2339 petiit,
1656 2239 1729 2328 ubi,
1761 2240 1847 2316 teste

394 2373 514 2460 Baleo‚
542 2383 561 2415 “
575 2372 630 2446 vir
649 2372 784 2447 multae
808 2395 850 2445 aa
876 2367 1079 2468 perspicuae
1103 2369 1323 2457 eruditionis
1348 2372 1443 2446 inter
1471 2369 1560 2447 alios
1586 2371 1743 2448 caelestis
1765 2373 1847 2447 doo-

390 2506 507 2582 trince
531 2526 733 2604 praecones,
757 2500 1000 2577 concreditum
1027 2498 1090 2575 fibi
1115 2501 1292 2590 talentum
1315 2504 1435 2596 (nemo
1463 2502 1613 2601 felicius)
1638 2503 1677 2578 in
1703 2502 1846 2578 Domini
1932 2541 1934 2545 η

392 2638 444 2713 sui
469 2637 608 2712 lucrum
633 2633 802 2732 exposuit.
847 2634 889 2708 In
914 2656 1044 2729 magna
1072 2631 1205 2706 virtute
1238 2632 1389 2732 spiritus,
1416 2633 1638 2734 evangelicus
1661 2633 1844 2730 interpres,

395 2769 597 2866 Scripturas
635 2766 767 2841 ibidem
809 2789 854 2838 ex
891 2762 996 2838 sacris
1039 2762 1219 2838 codicibus
1259 2788 1324 2864 per
1364 2764 1557 2864 synagogas
1596 2763 1726 2851 docuit,
1777 2762 1846 2836 fre

394 2897 656 3001 quentiffimum
685 2897 820 2970 habens
849 2892 1075 2969 auditorium.
1129 2893 1263 2981 Unde,”
1287 2895 1405 2993 inquit
1429 2896 1524 2970 idem
1550 2895 1691 2979 Baleus,
1722 2905 1742 2934 “
1759 2893 1848 2968 selu·

393 3032 536 3108 tissram
573 3028 755 3105 scientiam
791 3051 863 3102 non
899 3050 944 3101 ex
980 3023 1167 3100 bominum
1201 3026 1419 3112 commentis,
1456 3036 1520 3101 eut
1561 3022 1847 3124 philosophorum

395 3163 544 3263 placitis,
578 3161 637 3236 sed
672 3183 718 3233 ex
751 3155 939 3256 purillimis
970 3156 1066 3231 vitae
1099 3154 1315 3233 Obrdlianae
1346 3156 1504 3233 sontibus
1539 3154 1673 3241 eduxit,
1705 3164 1748 3229 ut
1782 3154 1846 3229 ho·

395 3295 509 3372 mines
538 3293 584 3368 ad
614 3291 731 3366 sacrae
760 3288 925 3364 ledtionis
954 3288 1106 3362 studium
1135 3289 1322 3365 alliceret”
1372 3289 1504 3364 saeos
1528 3287 1577 3363 est
1600 3286 1683 3361 inde
1707 3285 1845 3370 carolo,

397 3425 582 3504 clarillimo
608 3422 903 3522 Sudovolgiorum
928 3420 1019 3506 duci,
1045 3445 1068 3496 a
1091 3418 1327 3495 concionibus
1385 3419 1475 3496 Erat
1501 3419 1616 3494 mults
1646 3414 1845 3493 emditione

396 3561 595 3644 instrudcus,
618 3567 656 3630 et
681 3556 720 3630 in
748 3553 854 3630 sacris
879 3549 1135 3637 versatissimus,
1166 3551 1221 3624 vir
1249 3549 1358 3624 enimi
1383 3548 1538 3636 modesti,
1566 3572 1589 3624 e
1615 3546 1705 3623 sustu
1727 3545 1844 3632 alieni,

394 3700 432 3766 et
446 3711 672 3789 nequaquam
688 3684 849 3761 sublimia
865 3681 1105 3782 quaeritantis.
1156 3679 1301 3780 Scripsrt

543 3821 587 3894 ln
604 3828 792 3914 utrumque
808 3813 998 3913 Epistolam
1015 3811 1125 3898 Petri,
1141 3811 1202 3889 lib.
1219 3832 1259 3887 11.

490 3927 496 3937 ⁸
544 3955 589 4027 In
604 3950 810 4027 canonicam
824 3947 962 4033 Jacobs,
978 3946 1039 4022 lib.
1056 3967 1081 4021 1.

544 4086 589 4158 In
604 4085 780 4159 Actorum
796 4079 995 4155 oscodeoim
1011 4077 1148 4177 Capita,
1164 4077 1225 4155 lib.
1242 4098 1267 4152 1.

378 4281 381 4285 .
543 4211 746 4292 Processum
760 4211 843 4287 suae
858 4209 1149 4296 Examinstionis,
1165 4207 1226 4284 lib.
1243 4230 1269 4284 1.

545 4347 734 4421 Sermones
750 4343 796 4418 ad
812 4352 1004 4440 utrumque
1021 4341 1173 4428 Statum,
1190 4339 1251 4415 lib.
1410 4413 1416 4432 ,

545 4477 741 4553 Gonciones
757 4474 914 4549 eruditas
930 4484 968 4548 et
985 4471 1243 4548 Annotationes
1259 4471 1296 4545 in
1313 4470 1411 4545 sacra
1425 4469 1566 4568 eloquia
1581 4469 1710 4568 plures

398 4612 496 4688 Obiit
544 4632 638 4684 anno
683 4607 804 4682 salutis
850 4607 1026 4679 humanae
1072 4605 1169 4677 1542
1211 4603 1250 4676 in
1292 4598 1503 4676 illustriffimi
1550 4598 1845 4699 Sudovolgiorum

397 4744 497 4820 ducis
530 4741 648 4818 Caroli
688 4740 804 4826 domo,
838 4736 1042 4835 relinquens
1079 4735 1301 4834 praedictum
1335 4757 1424 4834 opus
1457 4733 1501 4808 de
1534 4733 1596 4810 suu
1629 4732 1845 4810 tractatione
