4448 5964
648 590 714 655 DE
754 588 1098 656 SCRIPTORIBUS
1137 589 1305 656 SCOTIS.
1658 597 1704 665 93

249 781 402 882 gloriam
429 777 637 878 promeruit
704 777 869 876 Denique
899 779 946 853 ob
975 774 1125 878 insignes
1153 779 1304 853 virtutes
1331 789 1368 855 et
1395 779 1574 857 mirabiles
1601 781 1712 857 animi

250 917 362 1001 dotes,
405 911 682 989 Caledoniorum
721 910 782 987 seu
814 910 959 986 Dunkel
992 910 1175 1010 episcopus
1208 911 1417 1011 designatur.
1494 913 1549 988 De
1587 938 1631 989 eo
1666 912 1711 988 fio

247 1048 408 1147 loquitur
440 1044 679 1119 Buohananus
712 1044 750 1117 in
784 1043 846 1118 sua
878 1043 1015 1117 Rerum
1048 1042 1271 1119 Sootioarum
1310 1044 1490 1121 Historia:
1531 1046 1713 1121 “Praeter

248 1181 423 1257 natalium
451 1175 683 1276 splendorem,
713 1184 751 1251 et
778 1175 937 1274 eorporis
966 1174 1186 1272 dignitatem
1217 1187 1320 1251 erant
1353 1177 1392 1251 in
1425 1203 1469 1252 eo
1495 1179 1640 1266 multae,
1669 1186 1711 1253 ut

248 1313 319 1389 illie
344 1310 575 1409 temporibus,
606 1308 742 1395 literae,
774 1308 911 1383 summa
941 1309 1188 1407 temperantia,
1218 1321 1256 1385 et
1288 1309 1471 1410 linguinis
1498 1311 1608 1386 animi
1635 1334 1711 1385 mo-

249 1444 398 1531 deratio,
429 1453 539 1541 atque
564 1442 603 1516 in
631 1443 739 1517 rebus
766 1441 991 1528 turbulentia
1018 1441 1113 1516 inter
1139 1441 1302 1518 adversae
1325 1442 1508 1530 faotione,
1538 1454 1712 1543 perpetua

248 1580 337 1655 fides
376 1588 414 1653 et
455 1575 661 1652 annariae
720 1574 882 1672 Reliquit
914 1584 952 1649 et
984 1572 1118 1672 ingenii
1152 1585 1190 1650 et
1228 1574 1413 1651 doarinae
1446 1601 1518 1651 non
1551 1576 1712 1675 vulgaria

248 1719 489 1798 monumenta,
524 1708 684 1784 sermone
717 1707 834 1805 patrio
868 1706 1094 1805 conseripta’'
1165 1707 1272 1783 Hune
1305 1709 1415 1784 etiam
1451 1709 1554 1785 valde
1589 1709 1711 1784 laudnt

248 1844 433 1931 Iessaeus3
469 1851 507 1917 et
540 1841 681 1927 Baleus,
716 1851 736 1883 ‘⁶
753 1839 799 1914 de
831 1839 900 1915 hoe
929 1838 1036 1926 riro,''
1065 1841 1192 1940 inquit,
1227 1853 1247 1883 “
1264 1842 1368 1940 plura
1399 1843 1633 1941 producerem
1660 1839 1712 1917 >ad

249 1975 423 2076 praesens,
451 1973 477 2050 li
503 1972 703 2074 Polydorus
724 1972 904 2072 Vergilius
924 1973 962 2048 in
984 1972 1156 2073 Anglieae
1182 1973 1357 2052 Historiae
1384 1975 1476 2052 libro
1501 1975 1549 2050 iii.
1576 1976 1611 2051 se
1636 1975 1712 2074 ejus

248 2104 472 2187 laudatorem
500 2131 573 2184 non
597 2106 852 2205 interponeret
881 2106 944 2206 qui
973 2116 1011 2182 et
1039 2105 1154 2206 ipsum
1177 2107 1264 2182 olim
1291 2133 1337 2184 ex
1366 2108 1457 2185 sarie
1482 2107 1593 2195 novit
1622 2111 1708 2184 ete!

250 2243 309 2320 Sic
335 2241 406 2317 ille.
457 2240 618 2317 Gavinue
643 2238 681 2314 in
708 2237 859 2314 Sootioie
880 2239 1006 2316 metris
1031 2238 1079 2316 ad
1103 2240 1280 2318 Jaoobum
1307 2242 1495 2331 Quartum,
1522 2241 1711 2318 Scotorum

249 2400 380 2475 regem,
398 2371 530 2473 scripsit

281 2550 286 2559 ·
397 2505 577 2581 Palatium
595 2504 760 2591 Honoris,
778 2503 839 2578 lib.
856 2525 882 2578 1.

398 2638 537 2713 Aureus
553 2636 793 2722 Narrationes,
811 2636 871 2711 lib.
889 2657 915 2712 1.

396 2771 607 2886 Comoedias
623 2770 769 2867 aliquot,
787 2767 847 2843 lib.
866 2789 890 2842 n

398 2904 454 2978 De
472 2903 596 2978 Rebus
612 2901 774 2988 Scotiois,⁴
788 2901 849 2977 lib.
866 2922 891 2975 a

250 3035 391 3137 Virgilii
433 3036 543 3112 etiam
582 3035 743 3110 Aeneida
781 3034 898 3110 nostro
940 3032 1108 3110 idiomate
1148 3035 1294 3111 donavit
1327 3058 1371 3110 ea
1405 3032 1630 3122 dexteritate
1669 3043 1711 3110 ut

248 3169 391 3270 lingulis
418 3167 555 3245 Latinis
582 3166 738 3244 versibus
770 3165 895 3267 singuli
929 3165 1062 3242 Seotiei
1093 3167 1340 3269 respondeant
1375 3193 1419 3242 eo
1453 3167 1711 3243 sententiarum

248 3304 415 3404 pondere,
454 3311 496 3376 ut
537 3301 674 3376 nostrae
713 3299 857 3400 linguae
891 3297 915 3374 si
955 3298 1134 3400 intelligar
1166 3300 1239 3376 rim
1272 3302 1451 3376 oecultum
1483 3299 1633 3388 mirans,
1666 3325 1711 3376 ea

248 3436 402 3535 denique
425 3435 605 3522 felicitate,
632 3443 675 3509 ut
701 3434 837 3510 nnllam
863 3433 1093 3532 antiquorum
1121 3443 1309 3532 poetarum
1339 3434 1497 3509 lauream
1524 3457 1607 3508 eum
1634 3433 1711 3531 ejus

248 3572 286 3646 in
333 3569 402 3645 hoo
441 3593 573 3669 genere
617 3567 723 3643 laude
772 3566 875 3641 facile
920 3589 1113 3664 compared
1194 3565 1301 3640 Hune
1348 3564 1526 3642 Gavinum
1570 3564 1710 3642 Sootiae

248 3698 380 3803 prorex
406 3703 559 3777 Romam
589 3724 654 3800 per
680 3698 885 3798 pontificem
912 3698 1132 3773 evocandum
1158 3699 1205 3774 ad
1232 3697 1373 3774 eausam
1398 3697 1585 3774 dioendnm
1610 3721 1712 3774 crue·

248 3837 311 3912 vit.
362 3836 399 3910 Ie
425 3843 547 3911 autem
572 3831 737 3932 proximo
758 3854 862 3918 anno,
884 3828 970 3904 dmn
996 3831 1150 3905 Romam
1174 3829 1416 3930 proficiscitur,
1440 3830 1592 3907 Londini
1615 3831 1710 3931 pello

248 3978 435 4068 eor-neptus
471 3965 570 4052 obiit,
608 3988 738 4066 magno
777 3961 858 4037 suae
896 3962 1041 4039 virtutis
1081 3962 1177 4063 apud
1209 3965 1323 4040 bonos
1362 3961 1533 4041 desiderio
1571 3963 1709 4041 relitto.

250 4100 331 4177 Non
364 4099 465 4175 liouit
493 4097 565 4185 diu
600 4095 718 4196 inquit
747 4094 955 4194 Polydorus,
989 4120 1033 4172 eo
1065 4095 1137 4172 fmi
1169 4096 1294 4185 amieo,
1329 4081 1389 4174 sed
1421 4120 1465 4174 eo
1497 4095 1572 4197 ipso
1605 4119 1709 4183 anno,

250 4232 312 4335 qui
335 4233 405 4308 suit
428 4230 551 4307 salutis
574 4231 752 4306 humanae
779 4227 886 4315 1521,
912 4228 1064 4305 Londini
1087 4229 1287 4330 pestilentia
1312 4229 1519 4330 absumptus
1540 4230 1599 4319 est,
1624 4230 1710 4306 dum

249 4366 407 4443 Jaoobua
436 4364 593 4455 Quintus
620 4361 659 4438 in
690 4361 812 4438 Sootia
836 4371 1013 4460 regnaret
