4470 5962
380 509 424 594 ro
794 507 860 574 nu
883 509 1228 579 scnrrronrssus
1253 509 1423 577 scema.

380 697 462 772 inde
489 723 554 796 per
582 698 774 772 monachos
803 699 1000 784 transsatus,
1030 700 1216 774 duodecim
1246 701 1348 774 annis
1378 700 1450 774 illic
1479 699 1614 786 maulit
1647 699 1767 798 ibique
1802 702 1840 776 in

381 833 600 919 monasterio,
633 834 691 907 oui
725 832 926 909 Richardus
963 835 1074 909 abbas
1106 833 1250 919 nostras,
1284 859 1357 909 non
1392 833 1530 909 minore
1563 833 1698 931 pietate
1732 859 1840 933 quam

382 965 579 1040 eruditione
605 963 755 1064 inlignis‚
783 966 945 1065 praefuit.
998 965 1171 1041 Omnibus
1196 964 1387 1064 disciplinis
1414 963 1608 1041 avidillime
1630 977 1739 1064 atque
1764 967 1841 1042 feli-

381 1096 514 1179 ciffime
550 1098 689 1185 haustis,
724 1096 818 1196 juffu
859 1098 999 1174 abbatis
1035 1097 1216 1173 Fuldenlis
1257 1109 1295 1173 et
1327 1098 1580 1197 archiepiscopi
1625 1099 1838 1198 Mogimtini,

381 1240 528 1329 propter
547 1230 773 1308 sanctitatem
795 1242 833 1308 et
857 1231 1094 1307 eruditionem
1116 1230 1340 1330 Moguntiam
1367 1241 1542 1317 evocatus,
1566 1232 1662 1330 apud
1684 1232 1721 1307 S.
1744 1232 1840 1309 Mar·

381 1364 497 1439 tinum
522 1363 675 1439 inclusus
696 1363 933 1463 septendecim
949 1365 1028 1440 aliis
1043 1363 1155 1450 annis,
1171 1362 1308 1439 summa
1331 1362 1474 1439 virtutis
1499 1365 1655 1440 excitata
1672 1364 1838 1462 opinione

382 1496 493 1595 usque
525 1497 572 1572 ad
591 1508 755 1572 mortem
784 1496 1030 1596 perseveravit,
1065 1521 1138 1572 non
1170 1495 1242 1571 line
1271 1496 1399 1596 grandi
1431 1496 1630 1573 sanctitatis
1662 1497 1837 1595 opinione.

382 1627 537 1728 Dionyfii
552 1629 694 1730 Exigui,
711 1630 850 1706 abbatis
867 1631 1030 1717 Romani
1048 1629 1195 1728 Cyclum
1218 1627 1427 1705 Pal‘ehalem
1453 1629 1619 1716 correxit,
1643 1639 1685 1704 ut
1707 1655 1731 1705 a
1746 1630 1840 1728 just·

249 1859 258 1873 ι
382 1762 605 1862 evangelicae
628 1762 788 1838 veritatis
810 1763 1075 1861 computatione
1100 1763 1220 1838 omnia
1245 1763 1402 1848 duceret,
1432 1786 1524 1860 quae
1549 1762 1587 1835 in
1613 1760 1766 1837 historiis
1788 1761 1840 1837 la-

383 1905 561 1992 quuntur3
585 1906 623 1970 et
644 1921 690 1970 ex
708 1893 844 1970 Afferio
861 1895 1060 1970 Menevenli
1083 1895 1362 1994 chronographo,
1380 1904 1421 1969 ut
1442 1893 1571 1969 auctor
1587 1895 1637 1969 est
1652 1893 1838 1980 lelandus

383 2027 488 2101 flores
508 2028 661 2128 collegit.
708 2028 811 2122 Unde
829 2027 1067 2103 Trithemius:
1086 2028 1201 2102 “Fuit
1223 2039 1344 2103 autem
1368 2027 1577 2125 computista
1599 2027 1785 2125 maximus,
1802 2037 1840 2102 et

383 2161 553 2258 temporis
582 2161 751 2236 transacti
782 2158 1062 2260 diligentiffimus
1092 2159 1222 2247 censor,
1258 2161 1354 2259 quod
1383 2157 1569 2235 clariffima
1596 2169 1837 2245 monumenta,

384 2316 474 2387 quae
491 2293 612 2379 edidit,
629 2296 810 2392 probant.”
862 2294 894 2367 E
911 2294 1040 2392 quibus
1055 2303 1181 2368 extant
1196 2292 1376 2390 subjecta:

346 2411 353 2422 ’
533 2426 709 2500 Volumen
736 2425 871 2526 insigne
896 2427 1155 2502 chronicorum
1179 2427 1225 2499 ab
1252 2423 1399 2499 exordio
1424 2424 1548 2498 mundi
1572 2422 1681 2519 usque
1707 2421 1753 2496 ad
1777 2420 1840 2495 sua

580 2568 752 2656 tempora,
769 2559 830 2633 lib.
848 2580 904 2631 111.

533 2691 588 2763 De
605 2689 867 2764 concordantia
882 2689 1195 2786 Evangelistanun‚
1215 2687 1275 2761 lib.
1294 2709 1318 2761 1.

534 2820 589 2895 De
607 2821 804 2896 Universali
820 2823 1007 2920 Computa,
1025 2822 1085 2895 lib.
1103 2844 1128 2894 1.

533 2953 722 3028 Sermones
738 2953 836 3039 varii,
855 2963 892 3027 et

532 3084 658 3160 Plures
674 3086 721 3159 ad
737 3083 892 3160 diversos
907 3083 1092 3183 Epistolae.
1187 3094 1194 3106 '

532 3217 808 3293 Emendationes
825 3215 990 3316 Dionysi,
1008 3216 1069 3290 lib.
1087 3237 1111 3288 1.

533 3349 588 3424 De
604 3375 735 3449 magno
752 3350 859 3449 Cyclo
876 3348 1045 3434 Paschali
1062 3347 1121 3422 lib.
1141 3370 1165 3420 1.

533 3481 772 3581 Algorismum
789 3505 940 3580 quoque,
958 3480 1017 3555 lib.
1036 3501 1061 3560 1.

535 3614 759 3690 Breviarium
775 3615 813 3688 in
829 3615 972 3700 Lucam,
990 3611 1050 3686 lib.
1068 3633 1092 3684 1.

534 3745 793 3821 Annotationes
810 3745 1084 3844 Scripturarum,
1101 3743 1162 3817 lib.
1180 3764 1205 3816 1.

385 3875 435 3948 Et
468 3878 640 3973 quaedam
675 3879 754 3953 alia
822 3876 997 3951 Describit
1036 3876 1215 3951 historiam
1257 3874 1490 3950 universalem
1523 3872 1606 3949 satis
1639 3872 1838 3973 diligenter,

386 4007 502 4105 inquit
540 4009 778 4086 Bellarminus
813 4010 858 4083 de
896 4008 1135 4106 scriptoribus
1175 4006 1429 4095 Eccleliasticis,
1470 4008 1530 4082 sed
1571 4009 1707 4105 primus
1747 4007 1839 4082 liber

387 4151 484 4215 caret
524 4144 708 4242 principio.
784 4141 1014 4216 Continuavit
1053 4141 1127 4237 ejus
1165 4139 1355 4214 Historiam
1393 4140 1621 4215 Dodechinus
1657 4141 1767 4217 abbas
1802 4140 1838 4213 S

388 4271 556 4371 Dyfibodi
586 4276 770 4376 usquead
799 4299 932 4350 annum
966 4272 1111 4347 Domini
1146 4275 1253 4346 1200.
1321 4272 1528 4371 Moguntiae
1565 4273 1708 4346 demum
1740 4270 1838 4356 obiit

387 4432 481 4480 auno
514 4409 775 4486 restamationis
803 4408 981 4482 humanae
1013 4411 1120 4492 1086,
1153 4403 1281 4480 aetatis
1310 4405 1392 4479 l'uae
1426 4431 1519 4481 anno
1552 4401 1840 4502 quinquagelimo

388 4543 538 4616 oeno:
565 4543 602 4616 in
625 4542 751 4641 majori
775 4514 910 4637 templo
936 4538 1031 4638 apud
1056 4539 1101 4613 n.
1127 4535 1322 4613 nannum
1348 4536 1531 4641 sepelitur„
1551 4538 1636 4611 num
1659 4535 1697 4609 in
1720 4535 1841 4612 aeona
1928 4631 1933 4644 Ι

388 4684 555 4772 regnaret
570 4675 780 4751 Malcolmus
797 4670 947 4746 Tertius.
1804 4696 1812 4711 ·
