4448 5964
786 511 852 577 DE
887 507 1232 578 SCRIPTORIBUS
1266 505 1436 574 SOOTIS.

580 699 750 786 Tertium,
786 699 832 773 ad
861 697 1068 773 Zachariam
1097 696 1267 783 Primum,
1297 696 1344 770 ad
1373 693 1595 792 Stephanum
1623 691 1840 778 &cundum

581 831 641 906 lib.
660 852 686 903 1.

532 964 587 1039 De
605 961 802 1060 Religionis
819 960 1029 1046 Sane'citate,
1046 960 1107 1034 lib.
1125 979 1150 1031 1.

533 1096 589 1169 De
606 1095 728 1170 Rebm
745 1090 928 1178 Ecclesiae,
945 1091 1006 1165 lib.
1024 1112 1049 1163 1.

534 1227 670 1301 Contra
686 1224 904 1309 Haereticos,
921 1223 982 1297 lib.
1000 1243 1025 1296 1.
1043 1221 1119 1295 MS.
1136 1221 1174 1295 in
1191 1221 1403 1298 Monasterio
1420 1219 1593 1295 Fuldensi.

534 1358 593 1431 Ad
609 1357 831 1432 Cirdbertum
848 1353 1161 1452 Archiepiscopum
1176 1355 1221 1429 de
1238 1353 1505 1429 Reformatione
1522 1353 1618 1429 Cleri
1638 1353 1805 1453 Epistola

388 1491 435 1579 Et
456 1489 527 1564 alia
554 1490 678 1574 multa
708 1490 753 1563 de
779 1489 908 1586 quibus
934 1488 1014 1561 vide
1041 1486 1173 1561 librum
1195 1485 1351 1575 noshnm
1375 1485 1684 1583 descriptoribus
1705 1484 1845 1560 nostrae

386 1622 512 1721 gentis.
575 1621 789 1720 Martyrium
818 1617 934 1718 passus
960 1619 1009 1694 est
1038 1643 1121 1693 non.
1152 1618 1237 1692 Jun.
1265 1641 1360 1691 anno
1392 1617 1469 1723 nati
1500 1617 1628 1691 Christi
1663 1618 1746 1703 755,
1781 1615 1846 1690 sub

388 1755 533 1830 Ethfino
549 1779 634 1853 rege
651 1754 850 1828 Scotorum.

958 2045 1025 2120 DE
1050 2045 1272 2121 ALCUINO.

391 2281 587 2353 Amemus
607 2277 744 2363 Scotus,
770 2277 808 2352 in
830 2275 975 2375 epistola
997 2275 1093 2351 enim
1117 2296 1229 2351 xxvl.
1246 2273 1319 2373 ipse
1341 2273 1377 2350 se
1401 2275 1590 2350 Scotorum
1617 2275 1848 2350 vernaculum

391 2419 504 2494 vocat
537 2408 606 2483 hoc
639 2409 698 2494 est,
731 2408 856 2494 civem,
897 2408 1093 2482 monachus
1125 2417 1162 2483 et
1201 2408 1379 2493 diaconum,
1421 2409 1531 2482 abbas
1573 2407 1775 2482 monasterii
1810 2407 1847 2483 S

391 2541 539 2615 Martini
572 2540 807 2616 Thuronenlis
844 2566 890 2614 ex
932 2539 1067 2626 Levita,
1105 2539 1224 2616 heus
1264 2539 1374 2614 etiam
1414 2540 1562 2615 Flaccus
1595 2541 1757 2628 Albinus,
1792 2541 1850 2617 vel

391 2673 510 2770 potius
551 2673 720 2760 Albamus,
763 2699 809 2747 ex
851 2673 913 2748 illa
953 2683 1056 2771 parte
1089 2670 1304 2746 Hibernicae
1342 2671 1483 2746 Scotiae
1518 2672 1617 2747 dista
1655 2673 1850 2749 Bredalbin

392 2805 582 2891 oriundus;
612 2806 650 2879 in
679 2805 808 2880 Latina
834 2805 956 2904 lingua
984 2829 1050 2879 nos
1079 2828 1245 2879 vocamus
1266 2803 1471 2890 Albaniam,
1501 2805 1596 2879 unde
1621 2814 1699 2880 tota
1729 2805 1851 2881 Sootia

392 2935 589 3033 antiquitus
617 2935 717 3011 dista
745 2936 794 3010 est
821 2935 984 3010 Albania
1034 2935 1225 3033 Postquam
1255 2935 1436 3010 institutus
1459 2933 1576 3012 {luisset
1604 2937 1700 3013 inter
1728 2962 1852 3014 mona·

392 3069 477 3142 chos
511 3066 670 3142 Huenses
702 3067 741 3141 in
774 3066 887 3141 insula
917 3067 962 3141 de
992 3066 1085 3165 Huy‚
1115 3064 1236 3141 missus
1270 3067 1319 3141 est
1353 3067 1400 3141 ad
1428 3068 1668 3145 venerabilem
1702 3069 1849 3157 Bedam,

394 3225 500 3298 quem
526 3199 589 3274 diu
618 3198 758 3274 Scotiae
788 3199 940 3273 incolam
969 3197 1069 3273 fuisse
1103 3199 1261 3286 constat3
1295 3209 1333 3274 et
1365 3199 1481 3297 primo
1515 3199 1611 3275 illius
1639 3201 1850 3300 magisterio,

393 3332 512 3430 postea
539 3331 689 3430 Egberti
715 3329 967 3429 archiepiscopi
995 3327 1234 3418 Eboracenfis,
1267 3331 1432 3419 traditur,
1460 3334 1556 3432 apud
1585 3358 1674 3431 quos
1703 3343 1782 3409 tum
1812 3335 1851 3408 in

393 3464 498 3539 sacris
523 3463 653 3550 studiis,
679 3475 758 3538 tum
785 3464 824 3538 in
847 3463 1013 3563 profanis,
1045 3488 1117 3537 non
1142 3463 1375 3561 poenitendos
1398 3464 1483 3540 fecit
1508 3463 1715 3565 progressus.
1784 3468 1851 3541 Vir

392 3596 472 3694 pius
498 3608 535 3671 et
568 3595 728 3696 apprime
758 3597 894 3682 dodina,
927 3607 1036 3695 atque
1065 3595 1103 3668 in
1130 3595 1226 3670 omni
1250 3595 1356 3694 plane
1382 3596 1598 3693 optimarum
1623 3597 1851 3675 scientiarum

392 3752 523 3828 genere
561 3726 817 3815 versatillimus,
856 3725 1136 3828 praestantiflimi
1176 3727 1310 3826 ingenii
1343 3727 1486 3804 dotibus
1519 3727 1717 3805 sublimiter
1749 3756 1852 3830 prae-

394 3860 499 3945 ditus
531 3859 756 3935 inferioribus
787 3860 841 3934 rei
874 3861 1053 3935 literariae
1079 3857 1279 3957 disciplinis,
1306 3884 1379 3934 una
1406 3885 1489 3934 cum
1519 3862 1780 3939 mathematicis
1808 3889 1852 3940 ac

394 3991 543 4066 caeteris
576 3988 837 4089 philosophicae
873 3988 1091 4088 prosellionis
1121 3989 1284 4076 scientiis,
1318 3991 1510 4067 admodum
1542 3992 1694 4069 feliciter
1727 3996 1851 4094 partis,

393 4130 491 4195 totus
524 4103 631 4196 sacris
652 4120 782 4195 'studiis
815 4120 986 4195 incubuit
1054 4122 1168 4195 Poeta
1200 4122 1352 4220 elegans
1386 4124 1511 4200 rhetor
1543 4125 1701 4212 disertus,
1736 4127 1853 4225 philo-

343 4298 345 4303 <
394 4252 522 4351 sophus
545 4263 680 4339 acutius,
710 4251 907 4351 disputator
933 4252 1079 4340 subtilis
1105 4254 1333 4330 concionator
1357 4255 1540 4345 secundus,
1565 4259 1604 4333 in
1630 4261 1728 4335 omui
1752 4261 1852 4337 deni-

394 4409 463 4481 que
492 4383 652 4461 sermone
679 4383 793 4459 tersus
821 4393 860 4459 et
884 4383 1044 4482 politus;
1077 4384 1142 4460 has
1170 4385 1267 4460 enim
1294 4385 1456 4462 scientias
1484 4387 1547 4464 sub
1577 4391 1721 4488 optimis
1748 4417 1851 4491 prae-

394 4516 597 4612 ceptoribus
622 4515 745 4591 didicit
770 4526 807 4590 et
832 4525 907 4591 tam
934 4527 1080 4592 acurate
1104 4517 1237 4605 calluit
1263 4528 1305 4592 ut
1329 4518 1418 4593 ahos
1440 4519 1579 4596 easdem
1600 4521 1723 4621 postea
1744 4525 1852 4625 digne

393 4646 571 4724 docuerit:
598 4648 642 4722 de
659 4671 730 4746 quo
747 4646 916 4724 Bebelius
931 4647 969 4723 in
986 4649 1139 4747 quadam
1155 4649 1375 4748 praefatione
1391 4651 1460 4727 hoc
1476 4652 1615 4730 scribit:
1636 4667 1656 4708 -“
1669 4655 1851 4744 Albinus?
