4448 5964
646 559 711 623 DE
750 555 1092 624 SCRIPTORIBUS
1130 557 1298 623 SCOTIS.
1644 558 1707 620 113

249 751 286 825 in
313 746 507 824 Academia
531 743 733 842 Glasguenli
763 754 909 818 vocatus
939 744 996 828 est,
1026 744 1065 815 in
1094 769 1166 842 quo
1195 743 1310 817 officio
1339 742 1492 818 fideliter
1523 752 1560 816 et
1591 734 1711 867 ωὸκῐῇ

248 905 309 955 mo
337 877 497 955 omnium
530 874 699 974 applausu
741 871 942 973 permansit,
980 875 1143 949 omnibus
1182 877 1370 951 dodtorum
1405 873 1587 980 cujussibet
1620 864 1714 973 prol‘
1838 935 1842 943 .

249 1008 402 1086 sallionis
438 1006 621 1083 ordinibus
661 1003 863 1090 carissimus,
906 1002 1142 1104 singularique
1181 1005 1402 1104 prudentiae,
1438 1005 1699 1090 moderationis,

249 1153 288 1218 et
323 1139 515 1238 sapientiae
556 1136 708 1223 nomine,
751 1133 921 1208 univerfis
958 1137 1116 1210 omnium
1149 1137 1314 1209 ordinum
1351 1126 1554 1210 hominibus
1595 1161 1698 1210 verae

249 1284 357 1373 atque
391 1273 519 1347 doctae
551 1268 695 1368 pietatis
727 1267 887 1340 encomio
920 1266 1154 1340 admirandus.
1223 1267 1288 1338 Vir
1317 1267 1355 1338 in
1387 1275 1538 1364 utraque
1568 1267 1698 1363 lingna,

250 1405 377 1480 Latina
405 1412 443 1477 et
475 1402 621 1485 Graeca,
648 1399 806 1473 absolute
839 1398 975 1482 dostus,
1009 1408 1050 1471 ut
1082 1398 1173 1470 hanc
1206 1422 1278 1470 non
1311 1397 1429 1470 minus
1463 1407 1572 1494 atque
1601 1397 1699 1471 illam

250 1536 408 1634 perfacile
437 1544 475 1607 et
502 1528 756 1629 promptissime
785 1528 914 1614 sciret;
944 1529 981 1601 in
1006 1528 1103 1603 sacra
1130 1527 1249 1613 ctiam,
1280 1527 1392 1601 idest
1426 1527 1600 1614 Hebraea,
1632 1528 1698 1601 lin-

249 1690 321 1764 gna
347 1686 521 1761 perquam
550 1660 718 1735 eruditus.
770 1661 827 1733 Ad
859 1658 1099 1757 philosophiae
1124 1657 1224 1731 fimul
1259 1668 1295 1730 et
1324 1657 1524 1756 theologiae
1556 1659 1697 1732 culmen

251 1791 450 1894 progressus
477 1791 562 1866 fecit
589 1801 665 1864 tam
693 1788 810 1875 serios,
837 1800 878 1862 ut
905 1809 1012 1886 pares
1039 1814 1113 1864 non
1140 1789 1253 1864 solum
1281 1790 1415 1865 multis
1431 1791 1506 1887 post
1534 1790 1569 1864 se
1598 1815 1700 1889 para

251 1925 366 2023 hugis
394 1923 612 2020 relinqueret
640 1920 845 2019 anticipans,
874 1919 935 1994 sed
963 1931 1000 1995 et
1028 1920 1224 2020 superiores
1256 1932 1468 2020 exuperaret
1498 1923 1608 2008 brevi,
1642 1924 1698 1995 vel

251 2057 375 2132 saltem
401 2054 565 2152 profectu
588 2052 813 2149 adaequaret.
860 2052 903 2124 In
931 2051 1051 2127 studiis
1078 2055 1252 2128 bonarum
1282 2054 1476 2139 literarum,
1503 2066 1539 2129 et
1571 2055 1609 2128 in
1639 2080 1700 2127 ex-

251 2188 384 2262 ercitiis
408 2185 592 2268 virtutum,
616 2185 663 2257 ab
689 2181 763 2279 ipsa
787 2182 920 2256 tenella
944 2193 1062 2260 aetate
1087 2185 1224 2283 semper
1248 2194 1325 2260 erat
1352 2185 1542 2284 diligenter
1567 2188 1700 2260 enutri-

249 2330 331 2403 tus3
364 2327 406 2390 nt
434 2315 623 2389 accedente
651 2323 727 2386 tam
757 2310 877 2386 sedula
900 2311 1042 2390 cultura
1066 2316 1112 2389 ad
1140 2314 1273 2414 ingenii
1302 2315 1517 2403 felicitatem,
1548 2328 1586 2392 et
1613 2317 1700 2392 alias

251 2449 362 2523 bonas
398 2458 547 2521 naturae
580 2444 692 2530 dotes,
725 2467 797 2516 non
834 2443 966 2516 mirum
998 2441 1042 2518 fit
1080 2445 1200 2520 omnia
1231 2471 1276 2518 ex
1309 2456 1394 2520 voto
1426 2446 1592 2546 prospere
1625 2448 1700 2522 snc'

250 2576 387 2653 ceffilse.
454 2575 595 2650 Dicitur
626 2583 723 2648 certe
750 2570 850 2648 fidffe
879 2573 1105 2649 concionator
1133 2575 1304 2651 facundus
1337 2586 1374 2650 et
1407 2577 1606 2662 vehemens,
1634 2579 1701 2652 dis·

251 2718 396 2807 putator
436 2704 582 2790 subtilis,
621 2703 769 2802 scriptor
809 2728 882 2778 non
920 2703 1108 2804 inelegans.
1185 2706 1230 2781 In
1257 2708 1435 2781 'omnibns
1472 2709 1524 2782 ita
1557 2709 1700 2785 Domini

252 2838 368 2914 zelum
396 2837 539 2923 aelatus,
564 2835 672 2933 idque
697 2835 889 2912 secundum
912 2833 1103 2923 scientiam,
1130 2847 1172 2912 ut
1200 2837 1402 2935 ubicunque
1426 2836 1462 2912 se
1490 2839 1621 2913 obtulit
1643 2865 1700 2914 oc-

252 2966 350 3054 catio,
378 2977 418 3042 et
443 2966 482 3040 in
509 2965 737 3041 concionibus
761 2976 798 3040 et
823 2965 862 3040 in
891 2964 1193 3064 disputationibus,
1220 2979 1257 3043 ct
1288 2967 1389 3042 libris
1417 2968 1525 3044 etiam
1553 2970 1699 3068 scriptis,

252 3097 412 3175 haereses
445 3108 482 3170 et
514 3095 711 3171 haereticos
743 3095 881 3192 semper
918 3097 1048 3173 acriter
1082 3100 1190 3174 fuerit
1228 3099 1428 3176 infestatus.
1497 3101 1700 3200 Composuit

252 3241 371 3305 autern
388 3229 447 3304 hic
462 3228 543 3326 pins
558 3236 596 3302 et
612 3227 773 3301 eruditus
789 3228 916 3302 dod'tor

385 3359 457 3434 'De
473 3359 567 3433 veris
582 3357 685 3431 Notis
701 3382 805 3431 verae
822 3357 995 3433 Ecclesiae
1012 3359 1148 3445 Christi,
1165 3360 1225 3434 lib.

399 3487 609 3566 Paraenelin
637 3489 683 3563 ad
711 3488 864 3563 Jesnitas
898 3490 1022 3565 Scotos
1055 3491 1092 3564 in
1125 3491 1251 3567 Galliis
1279 3504 1547 3579 commorantes,
1581 3505 1621 3569 ut
1654 3497 1700 3571 ad

447 3620 623 3718 gremium
639 3643 745 3693 verae
761 3618 933 3693 Ecclesiae
950 3620 1117 3693 redirent.

399 3752 571 3826 lesturas
586 3751 624 3823 in
641 3751 676 3824 S.
695 3750 903 3846 Scripturas.

400 3881 671 3979 Responfionem
687 3882 734 3954 ad
751 3880 1017 3966 Hamiltonium,
1035 3881 1094 3954 lib.
1197 3887 1207 3908 '

401 4011 590 4086 Historiam
621 4011 726 4084 Vitae
759 4021 796 4083 et
824 4012 952 4086 Obitus
980 4012 1129 4086 Joannis
1163 4013 1306 4088 Knoxii.

251 4146 298 4220 Et
331 4142 402 4218 alia
436 4142 615 4227 nonnulla,
655 4166 746 4239 qnae
779 4143 836 4215 vel
871 4143 1041 4241 temporis
1073 4143 1201 4241 injuria
1239 4146 1296 4219 vel
1335 4146 1519 4221 hominum
1561 4149 1696 4224 incuria

250 4275 426 4351 desierunt
458 4296 671 4372 comparere.
739 4272 876 4346 Claruit
900 4298 994 4348 anno
1021 4274 1096 4371 post
1131 4284 1274 4372 partum
1306 4276 1450 4374 virginis
1481 4278 1587 4364 1570,
1616 4306 1695 4379 reg-

250 4416 358 4481 nante
375 4405 412 4478 in
430 4403 549 4478 scotia
563 4403 700 4477 Jacobo
717 4401 836 4475 Sexto.
