4470 5962
712 530 778 595 m:
817 529 1161 599 soalrxoamus
1200 533 1369 600 scoms.
1737 542 1781 624 sq

320 721 480 795 {centum
521 716 631 792 animi
674 716 725 792 ita
759 717 902 792 virtutis
943 719 1198 816 doetrinaeque
1240 747 1362 798 amore
1404 724 1692 813 incendebantur,
1739 741 1779 802 ut

313 851 516 928 aademiae
550 849 687 925 nostrae
715 847 998 947 praeclarissimis
1026 851 1178 950 ingeniis
1206 850 1316 929 essent
1348 855 1385 929 id
1412 857 1585 954 temporis
1615 883 1778 934 numero·

315 980 468 1058 fiffimae.
519 978 728 1077 Composuit
744 989 866 1055 autem

461 1111 703 1189 Artificiosum
720 1112 882 1187 libellum
899 1111 1003 1210 super
1020 1115 1141 1188 Uxore
1157 1115 1288 1200 futura,
1306 1109 1365 1190 lib.
1384 1139 1408 1189 1.

460 1244 666 1320 Cancssenas
682 1243 851 1329 Scoticas,
869 1243 929 1319 lib.
948 1266 972 1316 1.

459 1377 663 1476 Rhythmos
678 1376 835 1463 latinos,
854 1375 914 1451 lib.
934 1398 958 1449 1.

285 1510 358 1587 <Et
380 1511 454 1586 alia
478 1535 572 1608 quae
595 1509 719 1584 multis
741 1507 822 1586 sunt
850 1511 1009 1607 probata
1061 1510 1270 1609 Occisulipue
1297 1513 1441 1586 demum
1464 1537 1488 1588 a
1512 1513 1582 1589 suis
1606 1516 1655 1590 est
1678 1542 1772 1591 anno

308 1671 332 1719 a
346 1644 412 1719 filii
428 1642 497 1719 Dei
514 1641 758 1718 incarnatione
777 1644 884 1727 1436,
903 1641 961 1715 die
978 1645 1027 1715 20
1044 1641 1128 1717 Feb.
1143 1643 1181 1718 in
1197 1645 1322 1719 Perthi
1340 1644 1516 1720 suburbio.
1651 1692 1654 1699 ·

751 1938 817 2012 DE
841 1937 1030 2013 JACOBO
1055 1937 1319 2013 KENNEDIO.

307 2171 478 2277 taccam
502 2172 740 2257 Kxxxnmtm,
766 2169 960 2268 Episcopus
984 2169 1319 2268 Andreapolitanus,
1344 2170 1440 2270 regis
1463 2173 1592 2249 Jacobi
1616 2174 1769 2251 Secund

308 2307 512 2396 avunculus,
547 2304 677 2380 Jacobi
717 2302 830 2377 Primi
871 2327 983 2401 nepos
1023 2327 1070 2378 ex
1110 2301 1240 2390 sorore,
1281 2304 1467 2402 praeclaro
1508 2305 1693 2382 stunmate
1733 2308 1770 2381 in

168 2447 171 2453 ’
309 2441 428 2517 Scotia
458 2438 640 2514 oriundus.
707 2434 777 2509 Hic
810 2434 878 2508 suit
907 2431 1012 2532 supra
1042 2459 1149 2531 quam
1184 2433 1253 2508 dici
1280 2434 1384 2532 poffit
1414 2436 1601 2512 nobilitate
1626 2436 1771 2539 insignis

308 2572 381 2661 vir3
395 2582 536 2648 tentam
556 2568 730 2666 siquidem
757 2565 1053 2642 existimationem
1072 2565 1195 2641 multis
1217 2591 1304 2666 erga
1325 2592 1402 2642 rem
1419 2568 1597 2645 Scoticam
1622 2573 1768 2657 meritis,

307 2730 391 2806 erga
430 2703 648 2802 superiorem
685 2724 807 2800 regem
847 2699 971 2774 officiis
1011 2699 1213 2797 collegerat,
1253 2708 1392 2774 tantam
1432 2703 1480 2775 ob
1516 2726 1660 2776 morum
1699 2705 1770 2777 ele-

305 2837 472 2937 gantiam,
507 2846 545 2910 et
575 2834 813 2932 propinquam
843 2856 926 2906 cam
958 2830 1104 2931 τθςίὶιιιε
1137 2831 1394 2931 cognationem,
1428 2846 1697 2932 comparaverat
1730 2837 1768 2909 in

187 3037 192 3042 .
306 2974 412 3048 rebus
444 2969 609 3044 omnibus
641 2967 758 3052 fidem,
793 2976 835 3040 ut
868 2966 1000 3041 caeteri
1033 2965 1209 3064 pueritiae
1240 2966 1360 3065 regiae
1389 2976 1580 3054 curatores,
1612 2969 1674 3067 qui
1703 2994 1767 3067 per

305 3104 465 3180 ordinem
490 3099 566 3176 bini
590 3099 628 3175 in
653 3100 777 3174 orbem
803 3095 869 3174 fibi
889 3098 1134 3183 succedebant,
1161 3121 1254 3183 eum,
1271 3096 1412 3195 quoties
1435 3098 1474 3173 in
1498 3098 1618 3174 aulam
1642 3124 1767 3176 excur-

306 3245 410 3324 reret,
437 3233 536 3310 velut
565 3231 770 3331 diligentiae
797 3233 1005 3307 exactorem
1036 3240 1074 3306 et
1102 3232 1330 3329 probatorem
1359 3230 1464 3306 facile
1496 3231 1656 3319 serrsnt3
1692 3236 1767 3332 ejus

305 3369 400 3446 enim
432 3366 515 3442 aula
547 3374 626 3441 tum
659 3363 814 3439 maxime
848 3363 1031 3438 nitebatur
1064 3361 1289 3438 auctoritate.
1340 3363 1406 3436 Vir
1438 3365 1537 3464 cujus
1568 3374 1648 3440 tum
1685 3367 1766 3442 doo-

307 3504 402 3579 triaa
437 3509 517 3574 tum
559 3496 673 3596 pietas
715 3495 777 3569 suo
816 3506 976 3594 tempore
1016 3494 1171 3569 multum
1210 3492 1362 3567 illuxit:
1405 3494 1589 3570 alacritate
1631 3496 1765 3596 ingenii

306 3641 491 3736 promptus
515 3630 562 3705 ad
586 3627 707 3714 studia,
733 3626 951 3702 affabilitatis
975 3625 1091 3724 gratia
1109 3625 1289 3723 jucundus
1311 3626 1358 3699 ad
1383 3628 1569 3726 colloquia,
1592 3626 1765 3706 suavitate

304 3790 445 3842 morum
485 3772 590 3860 aptus
631 3760 678 3833 ad
719 3758 976 3834 conciliandum
1016 3758 1235 3844 amicitiam3
1278 3759 1430 3858 denique
1472 3760 1567 3835 felici
1610 3765 1763 3838 naturali

305 3899 432 3984 indole,
468 3891 725 3994 praeclarisque
762 3890 872 3965 animi
912 3891 1055 3965 dotibus
1089 3891 1215 3965 dexter
1248 3891 1303 3999 ‚ad
1344 3893 1480 3967 omnia
1523 3894 1671 3980 Labore,
1709 3897 1763 3970 in-

304 4032 444 4116 dustria
473 4037 511 4102 et
539 4023 674 4124 ingenii
706 4022 886 4108 felicitate,
920 4024 967 4098 ad
1000 4048 1081 4098 eam
1113 4023 1298 4099 dodtrinae
1326 4025 1584 4123 perfossionem
1616 4030 1761 4103 tandem

303 4162 474 4268 par-venit,
499 4169 542 4234 ut
565 4181 648 4233 oum
672 4152 911 4231 eruditissimis
933 4152 986 4229 sui
1008 4156 1179 4254 temporis
1203 4156 1289 4231 viris
1313 4182 1385 4232 non
1406 4157 1587 4234 immerito
1609 4160 1761 4236 conferri

303 4295 485 4402 potnerit:
523 4289 668 4391 pietatis
702 4299 740 4363 ct
779 4287 990 4363 cruditionis
1031 4287 1147 4362 cultor
1179 4286 1329 4374 sedulus,
1369 4299 1495 4387 utpote
1534 4290 1595 4388 qui
1637 4315 1761 4368 omnes

301 4433 408 4508 horas
434 4452 458 4501 a
485 4422 650 4524 precibus
679 4431 716 4495 et
744 4419 898 4518 negotiis
923 4418 1075 4518 publicis
1099 4419 1230 4494 liberas
1255 4419 1298 4518 jn
1328 4420 1544 4519 optimarum
1573 4421 1759 4498 literamm

302 4560 432 4647 studiis,
471 4556 536 4632 libi
579 4553 816 4638 laudabiliter,
854 4552 933 4627 aliis
971 4551 1118 4638 utiliter,
1151 4552 1221 4627 toti
1262 4551 1428 4629 ecclesiae
1465 4563 1503 4629 et
1542 4554 1759 4654 reipublicae

301 4693 480 4774 lmus
511 4689 672 4774 imaus,
704 4685 901 4761 ausast.
968 4685 1084 4761 arsa
1115 4685 1154 4759 in
1192 4708 1247 4770 ιο,
1284 4696 1429 4785 prasus
1465 4686 1617 4763 asses
1652 4688 1758 4788 supra

302 4832 606 4911 commemoratas,
636 4820 774 4897 summa
800 4818 896 4896 domi
928 4817 1115 4917 frugalitas
1146 4828 1184 4894 et
1218 4818 1447 4907 continentia,
1480 4818 1567 4895 soris
1594 4820 1759 4918 splendor
