4470 5962
697 500 763 564 DE
786 501 1132 570 schroRlBUs
1154 505 1324 575 SCOTlS.
1697 518 1742 581 ⁵8

296 697 334 759 et
355 685 568 783 gentilitatis
592 686 761 764 seruitute
786 691 825 764 in
847 690 1022 789 evangelii
1045 691 1248 767 libertatem
1275 692 1476 771 vindiderit.
1545 698 1645 774 luter
1669 699 1758 775 tneo

295 828 458 916 tempora
477 818 596 917 grnris
619 832 701 894 ortu
721 821 838 896 eilde
860 821 1015 897 Pusehne
1036 823 1290 905 oblenutione.
1314 850 1357 901 uc
1379 827 1524 903 touliuu
1545 829 1755 907 elericorum

295 948 538 1036 oontroverliu
567 950 606 1024 in
631 952 763 1051 Anglin
787 977 908 1029 eorum
934 955 1152 1054 principibus
1176 967 1215 1030 et
1238 956 1345 1031 clero.
1397 958 1456 1034 Sic
1481 959 1592 1041 Bedu
1616 962 1676 1037 lib.
1703 964 1752 1037 iii.

295 1107 369 1181 equ
396 1108 465 1168 xv„
492 1083 555 1180 qui
582 1096 662 1159 tum
690 1085 866 1183 prolixum
894 1085 1075 1183 subjunxit
1103 1088 1353 1163 narrationem.
1405 1090 1463 1169 Et.
1488 1104 1529 1166 ut
1552 1094 1610 1168 Jo.
1637 1095 1752 1193 lllsjor

293 1215 412 1301 refert.
432 1215 649 1291 Colmnuuus
670 1217 860 1303 Aidunum,
882 1218 1067 1301 Finnuum,
1090 1229 1129 1293 et
1154 1219 1190 1292 S.
1212 1219 1433 1301 Columbum.
1456 1234 1494 1296 et
1518 1224 1753 1299 Auntholiuru

293 1372 358 1446 pro
386 1347 421 1423 se
450 1347 659 1423 introduxit
721 1350 950 1426 Eeonverso
980 1350 1130 1426 mstnbat
1162 1352 1249 1427 cleri
1278 1354 1391 1451 major
1419 1378 1512 1452 puts,
1544 1356 1638 1431 lutor
1664 1382 1754 1455 quos

292 1482 503 1579 praecipuus
530 1492 608 1557 eret
638 1484 810 1557 Ronanus
834 1483 988 1568 nomine,
1018 1483 1162 1558 natione
1192 1484 1328 1570 Scotus,
1364 1497 1406 1559 ut
1435 1511 1516 1560 xxv.
1547 1511 1623 1587 cup.
1654 1489 1755 1564 Beds

292 1611 419 1699 ulserit,
447 1614 486 1688 in
514 1615 633 1689 Gellia
657 1614 716 1689 vel
744 1615 782 1690 in
811 1615 917 1690 Itnliu
945 1616 1119 1690 euoeus:
1149 1624 1187 1691 et
1216 1616 1334 1714 posteo
1361 1616 1549 1717 subjungit,
1581 1619 1750 1718 quioquid

291 1757 412 1822 tumen
453 1746 504 1832 fit,
543 1748 689 1845 quidum
728 1746 824 1822 enim
867 1746 1102 1845 pestilentium
1141 1749 1315 1829 obortam,
1357 1748 1418 1823 ulii
1462 1748 1632 1826 vidiorine
1675 1752 1750 1850 pul·

291 1902 387 1953 mem
414 1879 449 1953 ei
478 1891 648 1977 ereptum
677 1879 818 1954 eausam
851 1878 1048 1954 insulfivum
1076 1879 1279 1954 revertendi
1308 1890 1455 1977 ponunt,
1485 1881 1581 1979 opud
1610 1883 1747 1981 Auglos

290 2011 482 2087 Colmunus
515 2012 710 2111 longiorem
743 2036 881 2087 morsm
909 2012 1052 2086 trahere
1082 2011 1224 2096 noluit;
1257 2010 1497 2110 praesulatum
1530 2024 1651 2089 nutem
1687 2016 1750 2089 ub-

290 2144 429 2229 dienvit,
466 2154 504 2219 et
536 2143 574 2217 in
607 2143 761 2241 patrium
793 2142 953 2219 reversus
991 2143 1049 2218 est.
1124 2143 1213 2217 Inde
1250 2143 1447 2219 concedens
1485 2145 1522 2219 in
1563 2144 1747 2229 Hebrides,

289 2276 537 2351 monullerium
571 2275 739 2362 oondidit,
773 2285 811 2349 et
844 2275 1018 2373 reliquam
1052 2274 1139 2349 inibi
1178 2299 1260 2350 oum
1293 2273 1472 2374 discipulis
1507 2274 1577 2351 liris
1610 2278 1749 2375 peregit

289 2408 383 2483 vitae
411 2408 622 2506 portionem.
690 2408 793 2482 Alius
821 2408 917 2481 enim
947 2407 1005 2481 hio
1031 2407 1089 2493 eli,
1120 2418 1157 2482 et
1188 2415 1350 2504 tempore
1379 2407 1487 2505 prior,
1517 2407 1579 2483 illo
1608 2409 1670 2507 qui
1703 2412 1749 2485 nb

291 2541 480 2616 Aullriueis
507 2543 719 2641 martyrium
749 2539 864 2638 pallus
891 2541 949 2626 est,
976 2540 1060 2614 licet
1088 2565 1111 2614 o
1139 2539 1280 2615 Iessaeo
1308 2539 1346 2613 hi
1374 2540 1445 2615 duo
1475 2540 1746 2617 confundentur.

289 2672 357 2747 Hic
390 2672 495 2760 enim,
523 2674 568 2748 de
601 2698 673 2771 quo
702 2697 767 2747 nos
793 2672 980 2769 loquimur,
1010 2672 1236 2760 colmannus,
1266 2672 1358 2748 ulter
1389 2672 1629 2750 Colomonuus
1661 2674 1747 2748 dioi-

287 2818 355 2892 tur,
382 2806 444 2904 qui
460 2806 569 2881 etiam
585 2801 745 2880 cluruille
761 2804 875 2880 fertur
890 2828 984 2879 nuno
1001 2803 1146 2878 Domini
1167 2809 1271 2879 1013.
1323 2802 1499 2903 Congeffit

436 2937 572 3013 Contra
600 2936 876 3012 Caerimonioles
907 2936 1135 3023 Romnnistas
1165 2961 1231 3035 pro
1261 2937 1374 3012 Sociis
1404 2936 1743 3024 Quartadeeiiuunis,

487 3069 547 3143 lib.
565 3091 589 3142 1.

435 3202 583 3275 Veteres
599 3213 637 3276 et
653 3200 791 3276 sanetas
808 3198 1048 3274 Asoetriurum
1064 3197 1353 3285 Consuetudines,
1371 3212 1437 3273 etc.

287 3334 425 3409 Gluruit
440 3356 535 3407 enno
552 3331 701 3430 virginei
717 3341 841 3429 pertus
859 3331 941 3415 670,
958 3329 1021 3404 sub
1038 3328 1221 3405 Mulduiuo
1237 3354 1331 3428 rege.

815 3626 881 3701 DE
906 3625 1207 3700 CUTHBERTO.

284 3863 551 3948 cmmmms,
585 3860 827 3937 Mnilrofienfis
858 3858 1061 3942 monachus,
1097 3868 1134 3930 et
1167 3854 1379 3930 Duuelmiee
1412 3853 1560 3952 proelii,
1596 3854 1739 3929 notione

285 3995 420 4081 Sootus,
448 3995 486 4069 in
513 3994 647 4069 Mereia
673 4018 745 4067 non
771 3990 895 4090 procul
921 4014 944 4063 a
970 3989 1120 4064 Bervioo
1145 3985 1286 4085 oppido,
1311 3985 1408 4060 claro
1433 3984 1600 4083 sanguiue
1625 3996 1737 4069 uatus,

284 4128 321 4199 in
354 4127 487 4203 teneris
515 4126 617 4202 annis
646 4125 708 4200 sub
738 4125 831 4199 Este
864 4124 971 4197 Sooto
1001 4119 1156 4217 primum
1189 4115 1413 4201 antecessore,
1449 4116 1576 4190 deinde
1609 4118 1737 4223 abliate

285 4261 388 4358 Boys,
431 4260 493 4334 illo
534 4259 572 4333 iu
615 4258 785 4333 coenobio
826 4250 1048 4330 Moilrofienfi
1088 4249 1367 4348 quamplurimos
1404 4271 1515 4322 annos
1559 4247 1736 4344 trruisogit⁸

282 4415 354 4489 quo
381 4393 418 4465 in
446 4393 523 4465 loco
548 4392 710 4489 optimos,
738 4402 812 4464 tom
839 4389 877 4460 in
903 4384 1031 4460 divinis
1057 4381 1257 4480 Scripturis,
1281 4405 1389 4478 quom
1417 4379 1455 4453 in
1481 4379 1611 4453 ortium
1644 4378 1738 4451 liseu-

283 4525 411 4598 larium
440 4522 595 4610 scientia,
624 4523 708 4596 feeit
738 4515 945 4619 progrellus.
1013 4515 1151 4590 Deinde
1181 4513 1416 4589 Colmannum
1446 4535 1510 4610 per
1545 4510 1739 4584 Northum·

282 4655 397 4730 briem
426 4655 574 4740 secutus,
602 4654 859 4728 Lindisfamam
886 4650 921 4724 se
948 4646 1126 4733 eontulit;
1158 4644 1303 4720 tandem
1330 4643 1466 4717 elesius
1495 4640 1616 4715 eliud
1648 4642 1738 4739 ‹epis-

281 4797 448 4885 oopstum
491 4785 810 4887 Hogulllndenl'em
853 4783 912 4857 sed
951 4782 1097 4855 evedtus
1135 4776 1182 4853 ad
1215 4774 1541 4857 Lindisfaruonl'om‚
1581 4774 1737 4849 inaximo
