4448 5964
735 530 800 594 m:
833 527 1179 594 scsslvromnts
1212 528 1382 593 seems.

524 718 805 792 Ccuumentarios
829 715 1045 792 dcciih'uuos
1065 718 1104 790 in
1126 732 1282 814 quatuor
1299 716 1360 789 lih
1386 713 1653 788 smmhrm
1682 710 1826 811 scripsit

525 849 854 923 slrdimriasetiam
879 850 1109 937 Quaestiones
1131 862 1170 923 et
1198 848 1441 935 Quodhhctn

525 980 809 1055 &meum
837 982 875 1053 in
900 979 1083 1079 Phylicnm
1099 979 1307 1055 Aristotelis

379 1114 464 1211 Ejus
503 1112 624 1210 aliqua
660 1112 777 1186 adhuc
816 1111 946 1210 scripta
981 1113 1105 1186 dicunt
1141 1126 1265 1186 extare
1299 1111 1636 1186 inmfflerios
1671 1111 1828 1184 victoris

380 1245 551 1320 lutetiae.
601 1244 850 1320 Clamitanno
874 1271 899 1320 a
922 1258 1030 1344 partu
1046 1244 1203 1342 Virginis
1232 1248 1340 1330 1410,
1361 1243 1685 1343 regnauteJacobo
1707 1242 1829 1316 Primo

380 1404 416 1451 m
434 1378 563 1452 scotia

788 1674 854 1747 DE
880 1673 1052 1748 THOlIA
1077 1671 1415 1748 ommtuxo.

379 1908 540 1980 strom
575 1903 847 1989 onmem
874 1904 1018 1979 natione
1064 1904 1202 1987 Scotus,
1244 1898 1453 2000 proseffioue
1490 1898 1750 1984 franciscorum,
1782 1924 1828 1972 cx

378 2038 526 2136 antiqua
559 2036 859 2111 Otterhuruorum
887 2036 1022 2110 familis
1045 2035 1226 2118 oriundus,
1255 2034 1293 2107 iu
1318 2032 1436 2107 schola
1460 2031 1713 2130 Ediulmrgenfi
1744 2033 1830 2106 edu-

378 2186 488 2254 catus,
522 2171 559 2242 in
593 2168 774 2267 theologia
810 2179 847 2241 et
894 2167 1115 2266 philosophia
1152 2166 1307 2264 optimos
1340 2165 1473 2239 fecerat
1513 2161 1732 2263 progressus:
1774 2165 1831 2237 vir

379 2304 512 2401 pietate
538 2313 576 2375 et
604 2300 768 2375 doctrina
793 2300 918 2385 clarus,
949 2301 986 2373 in
1002 2299 1154 2374 historiis
1178 2296 1369 2371 scribendis
1391 2297 1525 2394 optime
1540 2295 1706 2370 versatus
1747 2296 1830 2370 Pos-

379 2450 536 2509 tororum
554 2432 601 2506 ad
616 2430 717 2504 usmn
733 2431 879 2530 reliquit
1820 2454 1828 2469 ·

528 2559 1553 2661 ReogellnsScotorumetAnglorumiurariisPraeliis

528 2695 584 2768 Ile
600 2692 819 2769 Succeffioue
834 2694 1014 2768 Comitum
1030 2689 1317 2775 Nonhmbrioe,
1333 2689 1393 2763 lib.
1410 2710 1436 2761 ι

529 2824 785 2923 opusculorum
801 2824 862 2898 lib.
880 2846 905 2897 1.

380 2972 417 3030 ct
444 2956 514 3030 alia
540 2955 702 3054 plurima
749 2952 919 3030 Clamiffe
949 2955 1064 3029 fertur
1095 2955 1190 3029 circa
1217 2980 1350 3030 annum
1375 2956 1502 3031 Christi
1530 2961 1636 3041 1411,
1659 2970 1830 3056 regnante

379 3088 515 3162 Jacobo
531 3086 663 3160 Primo.

750 3381 816 3454 oe
841 3381 1133 3480 [curruum]
1159 3382 1458 3457 manuumo

385 3616 426 3689 l).
457 3614 718 3696 surianorum,
760 3609 952 3710 Episcopus
986 3612 1214 3712 Glasgueusrc
1242 3615 1386 3713 pietatis
1426 3626 1464 3688 et
1502 3616 1686 3690 dodtriuae
1726 3619 1830 3692 laude

384 3744 569 3842 praestans,
595 3740 782 3839 collegium
818 3740 1043 3840 pemmiisque
1073 3742 1155 3818 satis
1185 3747 1342 3845 amplum
1374 3759 1413 3821 et
1449 3748 1603 3845 praediis
1637 3750 1683 3823 ad
1712 3750 1831 3826 litera·

384 3901 464 3949 rum
497 3874 608 3949 studia
640 3873 828 3947 excitanda
863 3873 1082 3970 fovendaque
1109 3878 1233 3963 erexit,
1272 3879 1330 3951 cui
1369 3890 1566 3954 extremam
1591 3906 1736 3955 manum
1765 3883 1830 3956 im-

384 4003 554 4107 posuisset,
584 4016 692 4103 atque
721 4006 767 4079 ad
796 4004 1064 4102 amplitudinem
1091 4006 1205 4080 multo
1231 4009 1401 4105 majorem
1436 4007 1611 4096 erexisset
1644 4012 1705 4085 nifi
1735 4014 1830 4088 illius

383 4136 572 4223 consilium,
614 4136 757 4234 pietatis
797 4160 840 4210 ac
880 4134 982 4210 studii
1011 4137 1050 4210 in
1095 4136 1273 4213 ecclesiam
1314 4140 1469 4236 plenum,
1503 4163 1599 4214 mors
1627 4142 1830 4240 importuna

383 4265 632 4369 praevertisset.
694 4268 758 4340 Vir
795 4279 872 4342 erat
898 4268 1060 4366 religioni
1094 4280 1132 4343 et
1168 4268 1397 4369 hospitalitati
1448 4273 1638 4347 admodum
1680 4276 1828 4363 deditus,

383 4414 420 4476 ct
451 4401 551 4477 imnis
578 4400 765 4497 operibus;
794 4424 909 4498 neque
936 4399 1040 4474 aliter
1065 4425 1173 4498 quam
1199 4400 1249 4476 sol
1275 4402 1500 4500 resplendens
1528 4405 1566 4478 in
1594 4407 1728 4504 templo
1762 4408 1830 4481 Dei

383 4530 523 4616 resrrllit
553 4543 615 4606 aut
641 4533 726 4605 thus
753 4532 881 4607 ondens
917 4533 955 4607 in
983 4532 1086 4630 igne:
1123 4543 1201 4607 erat
1233 4533 1267 4607 ei
1299 4533 1387 4608 fides
1427 4535 1665 4632 integerrima,
1704 4549 1740 4609 et
1778 4537 1830 4610 in-

382 4666 526 4766 genium
554 4663 713 4739 veritatis
736 4663 873 4763 semper
899 4663 1180 4750 amantissimum,
1216 4675 1253 4737 et
1295 4675 1437 4762 praeter
1465 4663 1575 4739 vitam
1610 4691 1692 4741 vere
1733 4669 1830 4764 apos-

383 4796 536 4882 tolicam,
565 4794 716 4894 ingenio,
742 4796 914 4884 secundia,
938 4807 982 4883 st
1011 4796 1209 4872 eruditione
1238 4795 1435 4893 multiplici,
1467 4820 1590 4871 omnes
1621 4809 1831 4873 coaetaneos

383 4930 487 5029 longe
504 4925 698 5026 superabat.
751 4926 892 5026 Scripsit
