4448 5964
637 505 703 571 DE
738 506 1083 575 SCRIPTORIBUS
1115 507 1284 575 SCOTIS.
1672 510 1692 571 5

235 721 293 770 am
323 694 492 782 reversus,
519 693 736 771 auctoritate
765 705 802 770 et
826 693 922 795 jussu
946 696 1127 772 Malcolmi
1151 695 1263 772 Tertii
1287 695 1381 795 regis
1405 696 1603 784 Scotorum,
1631 695 1689 770 cui

235 829 337 904 valde
371 853 474 904 carus
507 838 585 903 erat
618 852 686 926 pro
723 827 828 926 ipsius
861 828 955 903 vitae
997 827 1214 927 integritate,
1248 826 1475 904 Catheneliae
1509 827 1690 927 episcopus

237 961 286 1035 est
311 960 519 1035 declaratus.
571 960 738 1047 Tandem,
765 960 922 1057 Turgoto
948 961 1106 1047 auitore,
1133 959 1319 1036 Breviaria
1346 970 1383 1034 et
1413 960 1539 1037 Officia
1571 959 1690 1035 omnia

238 1091 463 1166 ecclesiastica
488 1090 678 1166 Scotorum
702 1090 919 1165 reformavit.
971 1089 1114 1188 Scripsit

387 1223 443 1297 De
468 1223 629 1322 Antiqua
653 1222 848 1321 Disciplina
870 1220 1106 1298 Eoelefiastica
1131 1223 1192 1298 lib.

387 1355 443 1431 De
468 1354 718 1430 Reformandis
743 1354 1001 1455 Religiosorum
1026 1355 1196 1430 Moribus.

239 1487 376 1563 Claruit
401 1513 496 1563 anno
521 1486 676 1586 epochae
702 1486 918 1562 Christianae
943 1489 1053 1573 1061,
1088 1485 1279 1570 Maloolmo
1303 1486 1380 1585 ejus
1408 1483 1561 1560 nominis
1585 1481 1693 1558 tertio

238 1629 410 1718 regnante
435 1619 473 1691 in
498 1616 628 1694 Scotia.
781 1583 790 1609 ι

624 1944 691 2019 DE
716 1944 966 2020 GULIELMO
992 1945 1351 2022 LAUTHOMENSI.

243 2211 470 2286 Gumnnmns
494 2209 804 2295 armachanus,
825 2233 955 2308 genere
981 2218 1018 2284 et
1043 2210 1187 2284 natione
1210 2211 1346 2298 Scotus,
1373 2220 1410 2287 et
1431 2210 1697 2286 Lauthomensrs

244 2340 405 2417 coenobii
441 2339 692 2415 canonicorum
733 2339 950 2438 regularium
992 2341 1030 2414 in
1063 2342 1231 2418 Cambria
1271 2342 1419 2442 praeses,
1461 2343 1699 2442 praeceptori-

244 2477 312 2550 bus
345 2471 489 2572 optimis
520 2496 609 2571 quos
636 2496 680 2546 ea
707 2471 877 2545 laudabat
903 2481 1001 2547 aetas
1026 2473 1117 2559 usus,
1145 2473 1291 2572 abipsa
1322 2476 1456 2551 tenella
1485 2484 1603 2551 aetate
1632 2474 1701 2550 stu·
1776 2546 1778 2550 .

245 2606 312 2681 diis
344 2605 530 2680 literanum
572 2627 717 2702 operam
751 2602 869 2691 dedit3
911 2603 957 2679 ad
992 2604 1165 2703 ampliora
1198 2606 1325 2681 deinde
1357 2606 1524 2705 aspirans,
1563 2604 1699 2681 diversa

246 2737 351 2838 petiit
385 2735 638 2812 canonicorum
663 2735 823 2810 claustra.
872 2725 1062 2810 Facundus
1087 2735 1151 2823 vir,
1177 2746 1218 2811 ut
1243 2737 1360 2836 inquit
1384 2736 1570 2823 Lelandus,
1596 2738 1700 2812 item·

247 2895 318 2969 que
339 2871 476 2955 dodtus,
493 2867 641 2942 mirifice
662 2866 812 2942 ardebat
829 2866 1024 2964 cupiditate
1045 2867 1213 2944 laudandi
1235 2869 1435 2944 Robertum
1451 2867 1699 2945 Betuuensem.

250 3001 394 3102 Scripsit

401 3131 523 3207 Vitam
548 3129 591 3205 Β.
617 3129 769 3205 Roberti
793 3128 1009 3204 Betunenlis.

251 3264 389 3343 Claruit
424 3287 517 3338 anno
548 3261 733 3336 intimatae
766 3259 863 3359 pacis
896 3261 1120 3360 evangelicae
1155 3268 1262 3352 1230,
1292 3262 1378 3339 dum
1410 3264 1616 3342 Alexander
1642 3264 1704 3339 Se-

252 3398 389 3473 cundus
413 3394 573 3494 regimen
598 3392 740 3469 Scotiae
765 3392 957 3468 inchoaret.

745 3723 811 3797 DE
836 3723 1009 3799 THOMA
1033 3724 1265 3801 BRANDIO.

258 3993 419 4067 Tnouus
455 3988 659 4064 Banuums
694 3986 830 4071 scotus,
872 4012 983 4087 prope
1021 3989 1268 4090 Edinburgum
1303 3989 1450 4092 [natus]
1485 4016 1531 4067 ex
1562 3991 1707 4068 honesta

260 4123 403 4210 familia,
438 4121 533 4196 inter
560 4119 751 4194 monachos
780 4118 1033 4196 Benedidtinos
1066 4124 1245 4209 educatus,
1279 4122 1399 4221 ibique
1431 4122 1468 4197 in
1500 4123 1709 4223 theologicis

258 4255 379 4337 studiis
409 4254 609 4339 instructus,
639 4251 832 4350 inquibus
860 4261 1002 4326 tantum
1030 4255 1179 4353 profecit
1208 4265 1249 4330 ut
1278 4281 1301 4330 a
1330 4252 1534 4332 dodtislimis
1562 4255 1647 4330 viris
1670 4255 1707 4327 in

259 4413 389 4488 magna
412 4384 613 4462 reverentia
636 4385 829 4458 haberetur
852 4383 1048 4484 theologus.
1099 4385 1203 4461 Unde
1219 4388 1265 4462 ab
1290 4386 1366 4485 ejus
1389 4387 1542 4463 beundo
1566 4387 1709 4487 ingenio

159 4491 168 4509 '
260 4529 471 4597 emanarunt
488 4518 526 4591 in
542 4516 754 4617 postestas
770 4516 972 4603 acnuam,

410 4653 465 4728 De
483 4650 599 4727 Causa
615 4660 652 4724 et
665 4648 826 4723 Veritate
843 4649 921 4736 Dei,
939 4649 1052 4725 Causa
1068 4650 1269 4740 Causarum,
1287 4661 1412 4729 contra
1427 4649 1656 4752 Pelagianos
1673 4661 1711 4725 et

459 4782 529 4863 alia
545 4782 729 4883 quaedam,
748 4805 840 4880 quae
860 4779 905 4857 fic
921 4779 1177 4861 inscribuntur:
