4448 5964
789 555 854 622 DE
889 554 1232 623 SCRIPTORIBUS
1265 555 1434 623 SOO'I'IS.
1776 560 1840 623 103

530 740 598 820 Pis
629 751 668 819 et
700 741 863 842 religiosa
891 741 1079 820 Meditatio
1110 743 1149 819 in
1175 743 1212 819 S.
1239 743 1318 819 Iesu
1350 741 1478 818 Christi
1507 741 1668 829 Crucem,
1699 752 1737 819 et
1762 745 1839 841 ejus

579 872 748 952 Vulnera

383 1005 547 1106 Ejusdem
576 1005 763 1082 Meditatio
792 1006 831 1080 in
860 1005 1039 1082 Psalmum
1073 1004 1401 1105 quinquagesimum
1434 978 1608 1103 primum*
1634 1002 1837 1080 “Miserere

382 1139 461 1225 mei,
488 1138 587 1212 Deus
604 1142 633 1225 ;”
660 1148 699 1213 et
720 1137 758 1212 in
787 1136 966 1213 Psalmum
995 1136 1221 1212 centesimum
1247 1137 1448 1223 secundum,
1479 1149 1499 1180 ‘⁶
1517 1137 1679 1224 Domine,
1709 1137 1838 1212 exaudi

384 1269 582 1346 orationem
612 1273 770 1355 meam;”
799 1267 954 1366 ejusdem
982 1267 1153 1342 Divinum
1179 1269 1343 1343 Officium
1370 1269 1415 1343 de
1441 1268 1681 1344 Sacrosandtis
1715 1269 1758 1343 D.
1792 1269 1836 1342 N.

385 1399 464 1477 Iesu
492 1400 619 1477 Christi
648 1399 794 1500 Plagis;
825 1398 953 1476 excusa
976 1397 1058 1474 sunt
1081 1399 1221 1475 Parisiis
1245 1400 1340 1499 apud
1369 1399 1557 1475 Claudium
1586 1399 1836 1475 Garmontium

385 1555 478 1608 anno
494 1531 639 1608 Domini
657 1535 764 1619 1545,
781 1530 819 1608 in
837 1535 895 1619 16,
912 1555 983 1629 quo
999 1541 1160 1629 tempore
1176 1532 1304 1608 claruit
1320 1532 1384 1643 sub
1400 1532 1517 1607 Maria
1531 1531 1663 1630 regina

806 1826 874 1900 DE
898 1824 1199 1900 ALEXANDRO
1224 1825 1406 1901 Asnam.

383 2060 624 2133 munna
648 2055 821 2142 Ammius,
851 2078 981 2155 genere
1009 2065 1048 2129 et
1068 2055 1213 2130 natione
1240 2055 1376 2143 Scotus,
1403 2056 1442 2130 iu
1467 2055 1622 2131 Saxonis
1654 2053 1833 2156 lipsiensis
1941 2083 1948 2097 ·

384 2187 596 2266 Academiae
639 2184 818 2286 professor,
851 2197 888 2261 et
929 2187 968 2261 in
1000 2186 1181 2286 theologia
1213 2187 1376 2273 decanus,
1413 2190 1459 2263 ab
1493 2187 1715 2264 incunabulis
1747 2212 1833 2263 cura

384 2327 572 2418 parentum
600 2315 639 2390 in
670 2315 799 2391 timore
829 2316 898 2391 Dei
927 2316 1106 2402 educatus,
1139 2317 1402 2416 quamprimum
1434 2341 1547 2394 annos
1578 2318 1832 2395 adolescentiae

383 2449 585 2549 attingeret,
619 2450 793 2523 bonarum
826 2448 1011 2523 literarum
1040 2446 1223 2546 omnisque
1249 2448 1393 2524 virtutis
1430 2449 1590 2524 strenuus
1623 2449 1748 2536 cultor,
1778 2449 1834 2525 vir

384 2586 478 2659 bono
512 2578 656 2680 ingenio
693 2588 731 2655 et
762 2579 988 2656 scientiarum
1015 2578 1130 2666 avide
1163 2579 1258 2654 unde
1285 2555 1551 2656 aecedente'ad
1582 2579 1738 2657 indolem
1770 2606 1833 2658 na

382 2713 535 2790 turalam
559 2711 682 2789 labore
706 2720 744 2787 et
772 2710 950 2798 industria
979 2713 1027 2787 ad
1054 2711 1227 2786 summam
1255 2710 1491 2786 eruditionem
1518 2710 1690 2810 pervenit.
1741 2712 1833 2788 Cum

381 2854 511 2930 autem,
545 2842 726 2919 treusasle
751 2842 945 2917 studiorum
977 2841 1121 2917 suonam
1148 2841 1334 2929 cmriculo,
1367 2843 1540 2943 suijuris
1571 2841 1666 2930 esset
1701 2853 1744 2919 ut
1774 2845 1833 2919 cui

382 2976 489 3054 vellet
507 2973 674 3051 scientiae
698 2973 734 3049 se
756 2973 934 3074 applicare
960 2971 1082 3073 pollet,
1110 2970 1320 3072 theologicis
1347 2971 1469 3049 studiis
1495 2972 1650 3049 natiuali
1678 2973 1832 3072 quadam

383 3104 610 3209 propensione
644 3104 795 3192 dedita,
832 3105 1010 3181 sacrarum
1048 3104 1233 3181 literarum
1265 3103 1411 3180 lestioui
1450 3103 1624 3204 imprimis
1661 3103 1831 3181 incubuit
1933 3150 1936 3154 r

383 3240 522 3316 literas
552 3237 780 3313 humaniores
808 3246 845 3311 et
878 3260 1001 3312 omnes
1025 3234 1190 3313 liberales
1221 3244 1317 3311 artes
1342 3243 1524 3334 utcunque
1551 3234 1679 3322 tenuit,
1706 3234 1833 3311 mellus

384 3367 640 3472 philosophicas
672 3366 844 3454 scientias,
878 3367 1096 3467 theologicas
1127 3376 1249 3442 autem
1280 3376 1319 3442 et
1352 3364 1605 3444 acematiffime
1639 3365 1763 3443 didicit
1794 3377 1833 3442 et

383 3499 560 3580 utililh'me
605 3499 736 3576 docuit.
811 3499 892 3574 Non
933 3500 1030 3575 euim
1072 3499 1184 3575 solnm
1228 3497 1267 3571 in
1303 3497 1484 3598 theologia
1523 3497 1732 3586 scholastica,
1772 3498 1832 3575 sed

383 3633 493 3712 stiam
526 3631 566 3707 in
597 3629 756 3731 antiquis
785 3630 957 3730 patribus,
989 3631 1028 3706 in
1059 3629 1185 3729 primis
1216 3625 1381 3704 ecclesiae
1414 3628 1630 3718 dodtoribus,
1658 3629 1697 3704 in
1729 3654 1833 3709 oecu.

383 3764 530 3843 menicis
554 3760 721 3850 oondliis,
745 3772 784 3837 et
808 3761 848 3836 in
868 3760 974 3838 sacris
996 3760 1149 3861 denique
1174 3757 1376 3858 Scriptum,
1396 3758 1499 3835 valde
1513 3758 1584 3836 suit
1604 3761 1831 3840 exercitatus

383 3896 515 3972 Merito
547 3916 633 3991 ergo
666 3891 705 3968 in
738 3891 852 3991 hujus'
876 3891 944 3967 viri
976 3891 1099 3969 laudes
1125 3890 1286 3990 insurgit,
1311 3900 1354 3967 ut
1382 3891 1472 3968 alios
1502 3903 1651 3982 lacem
1679 3895 1831 3976 Baleus:

328 4057 329 4060 ¹
385 4026 442 4104 cui
458 4025 580 4116 ‘etiam
612 4024 809 4100 umectum
842 4021 943 4098 suum
974 4023 1020 4098 de
1053 4022 1292 4122 Scriptoribus
1320 4024 1436 4100 Sectis
1465 4025 1616 4102 dedicat
1682 4028 1748 4104 Vir
1779 4031 1832 4106 in.

382 4157 488 4261 genio
520 4154 667 4242 subtilis,
700 4153 841 4255 eloquio
873 4154 1103 4241 scholasticus,
1130 4154 1192 4253 qui
1226 4155 1322 4254 quod
1354 4156 1448 4231 male
1484 4156 1519 4232 ei
1550 4182 1630 4232 cum
1664 4160 1833 4263 episcopis

383 4285 599 4371 conveniret,
620 4281 831 4360 remotiores
858 4283 1056 4381 provincias
1081 4283 1180 4358 adire
1214 4284 1445 4361 decreverat:
1483 4286 1607 4363 “serre
1633 4289 1832 4381 nimirum,''

384 4416 501 4517 inquit
521 4413 663 4502 Bdeus,
687 4425 791 4490 “non
817 4424 959 4512 poterat
985 4412 1125 4490 mimus
1148 4413 1340 4490 &modum
1362 4415 1588 4507 Christianus,
1612 4420 1832 4502 manifestata

387 4543 561 4647 evangelii
592 4545 682 4632 luce,
715 4543 809 4621 viam
841 4544 887 4619 ad
914 4543 982 4620 Dei
1015 4565 1165 4643 regnum
1199 4547 1467 4624 Pharisaeorum
1496 4560 1535 4628 et
1565 4551 1831 4651 hypocritarum

388 4676 599 4757 liemorihus
616 4675 759 4765 obstrui,
781 4686 844 4753 aut
865 4676 1046 4778 populum,
1066 4677 1284 4755 immaculati
1302 4681 1386 4780 agni
1408 4680 1576 4782 sauguine
1598 4684 1833 4788 redemptum,

386 4807 660 4889 tub-evacuatis
686 4810 894 4886 umbrarum
919 4807 1088 4908 legalium
1112 4809 1246 4909 liguria
1272 4812 1319 4886 ad
1344 4811 1544 4890 animasum
1569 4837 1694 4902 eorum
1719 4819 1837 4917 pomi.
