4448 5964
613 528 678 592 DE
715 523 1061 591 SCRIPTORIBUS
1095 523 1264 590 SCOTlS.
1627 526 1671 587 23

220 720 351 794 virtute
380 715 661 815 archiepiscopus
696 712 921 789 Bituricenfis
952 713 1001 787 est
1027 712 1172 787 elestus.
1224 712 1457 788 Monumenta
1486 712 1568 786 lirae
1593 736 1674 785 eru·

220 850 364 925 ditionis
379 848 527 946 reliquit
541 874 549 921 :

368 982 556 1057 Orationes
585 980 633 1054 ad
663 979 854 1054 Pontifices
881 978 1127 1051 Alexandrum
1155 975 1235 1075 [et]
1266 976 1415 1062 dulium,
1446 976 1673 1060 Ludovicum,

418 1124 455 1187 et
471 1114 647 1187 Jacobum
663 1113 850 1200 Quartum,
868 1110 1050 1208 eleganter
1066 1108 1289 1207 conscriptas.

370 1247 424 1321 De
442 1245 640 1321 Concordia
657 1240 842 1329 Ecclesiae,
860 1243 920 1317 lib.
939 1264 963 1316 1.

372 1378 427 1450 De
443 1375 624 1473 Laudibus
640 1373 809 1448 Ludovici
826 1373 945 1470 Regis.

223 1508 359 1583 claruit
376 1532 469 1582 anno
488 1511 584 1582 1515
601 1516 772 1605 regnante
789 1506 926 1580 Jacobo
943 1507 1019 1603 ejus
1035 1506 1189 1580 nominis
1207 1507 1341 1603 quinto.

652 1806 718 1878 DE
742 1804 934 1879 JOANNE
959 1802 1251 1876 VIGILANTIO.

223 2040 398 2114 donnana
437 2038 701 2123 vmumuus
741 2037 828 2111 alias
865 2036 1020 2121 Walker,
1055 2034 1306 2109 Fermeloduni
1343 2046 1456 2122 natus,
1490 2061 1513 2109 a
1545 2035 1677 2109 teneris

225 2173 326 2253 annis
359 2173 397 2245 in
431 2168 708 2247 Haddintonenli
742 2169 860 2243 schola
897 2170 1075 2253 educatus,
1114 2195 1186 2242 non
1219 2171 1325 2243 modo
1359 2171 1483 2267 pietati
1521 2174 1567 2245 ab
1605 2172 1679 2268 ipsa

225 2307 340 2380 statim
369 2305 523 2404 pueritia
550 2305 720 2389 studebat,
751 2329 874 2378 verum
903 2302 1012 2376 etiam
1041 2302 1206 2376 meliores
1235 2314 1330 2377 artes
1363 2304 1525 2378 excolere
1553 2305 1679 2403 coepit,

227 2461 298 2534 quo
324 2437 467 2511 nomine
493 2435 869 2535 postea-Academiam
896 2436 1123 2509 Andreanam
1150 2435 1263 2509 literis
1289 2437 1484 2522 florentem,
1511 2438 1610 2511 etin
1638 2464 1680 2511 ea

228 2571 488 2644 Leonardinum
509 2568 707 2666 Collegium
727 2593 792 2666 pro
812 2568 874 2643 suo
896 2570 1000 2667 petiit
1020 2570 1155 2655 studi03
1175 2571 1271 2644 unde
1292 2572 1474 2669 postquam
1498 2572 1680 2669 utriusque

229 2704 370 2803 linguae
395 2714 431 2777 et
457 2703 614 2777 Graecae
640 2712 677 2776 et
702 2701 849 2776 Latinae
874 2702 1122 2799 cognitionem,
1150 2728 1192 2777 ac
1214 2704 1435 2778 scholasticae
1462 2730 1543 2778 cum
1568 2705 1681 2802 philo

230 2836 369 2934 sophiae
388 2847 467 2910 tum
488 2835 688 2932 theologiae
711 2834 892 2908 scientiam
911 2835 1062 2932 adeptus
1084 2834 1178 2922 esset,
1196 2838 1341 2910 tandem
1363 2838 1470 2911 titulo
1492 2839 1681 2937 magisterii

231 2966 333 3042 cursu
365 2966 527 3042 absoluto
564 2977 711 3041 ornatus
747 2966 806 3039 est.
862 2966 1000 3039 Deinde
1039 2968 1123 3042 data
1152 2967 1329 3043 occasione
1365 2971 1549 3044 commoda
1582 2996 1682 3069 pere-

231 3098 403 3198 grinandi,
429 3099 468 3172 in
498 3097 632 3172 Gallias
656 3097 909 3183 transfretavit,
935 3098 1017 3173 inde
1048 3100 1261 3174 Nemausum
1291 3101 1340 3175 est
1363 3103 1554 3199 professus,
1585 3105 1683 3178 dein·

233 3233 278 3306 de
312 3228 620 3328 Montispeffulam,
659 3230 721 3302 ubi
759 3229 796 3302 in
830 3242 981 3329 utraque
1015 3229 1259 3330 professionem
1297 3231 1464 3308 sustinuit.
1528 3235 1681 3321 Tolosae,

234 3364 318 3438 dnm
353 3388 398 3436 ex
432 3362 537 3436 Italia
574 3362 716 3447 rediret,
752 3385 817 3459 per
848 3360 1002 3436 Jesuitas
1034 3363 1215 3461 religionis
1243 3390 1329 3464 ergo
1357 3363 1545 3463 percussus,
1580 3378 1616 3441 et
1646 3368 1684 3441 in

234 3494 340 3570 domo
373 3493 660 3568 incarcerationis
693 3494 882 3590 conjectus,
919 3495 1013 3590 quod
1051 3496 1258 3594 religionem
1292 3498 1523 3573 Christianam
1559 3510 1596 3574 et
1629 3527 1684 3575 or-

234 3628 428 3702 thodoxam
445 3626 608 3724 objurare
626 3637 802 3700 renuerat.
855 3625 1001 3723 Scripsrt

382 3758 493 3833 Lusus
509 3759 681 3833 Poeticos.

384 3891 581 3966 Orationes.

383 4024 625 4100 Praefationes
641 4024 679 4097 in
696 4021 933 4097 Aristotelem.

238 4157 376 4230 Floruit
392 4157 456 4232 sub
472 4158 608 4232 Jacobo
626 4158 746 4243 Sexto,
765 4167 802 4232 et
819 4156 941 4231 Primo
958 4158 1053 4256 apud
1070 4160 1214 4258 Anglos,
1232 4185 1326 4259 rege,
1344 4186 1439 4235 anno
1457 4166 1563 4237 1616.

649 4457 715 4530 DE
740 4455 989 4531 GULIELMO
1015 4456 1275 4534 RAMISAEO.

240 4685 466 4761 Germanos
499 4687 727 4761 Rammanus
760 4687 797 4759 in
831 4687 960 4762 Fifensr
993 4713 1080 4788 agro
1113 4700 1228 4777 natm,
1260 4693 1475 4792 Andreapoli
1513 4695 1551 4768 in
1592 4696 1693 4771 bonis

239 4816 352 4891 literis
376 4818 546 4905 initiatus,
571 4818 690 4917 postea
719 4819 757 4893 in
786 4819 946 4893 ordinem
976 4821 1250 4898 Benedioinum
1274 4822 1439 4901 admissus
1464 4827 1502 4900 in
1527 4828 1693 4928 Angliam
