4448 5964
605 551 671 617 nn
706 552 1052 620 son11³noa1nus
1087 551 1255 618 seoms.
1620 557 1662 618 25
1738 532 1750 551 ‘

210 751 269 815 tur
303 738 617 837 decimoseptimo
653 741 788 816 calend
822 741 1018 827 Februarii,
1046 742 1083 814 in
1116 740 1201 816 villa
1233 765 1324 838 quae
1358 741 1498 815 Perona
1534 740 1663 813 dicitur

210 872 386 970 sepelitur,
404 897 499 948 enno
516 871 644 948 Christi
662 876 746 959 636,
763 884 937 970 regnante
953 874 991 947 in
1008 874 1129 949 Scotia
1145 873 1309 948 Donaldo
1325 897 1419 970 rege.

676 1168 742 1242 DE
769 1168 954 1293 [SANOTO
979 1166 1187 1244 FIACRIO.

208 1400 243 1474 S.
271 1400 456 1476 Flaomoe
484 1395 664 1484 consessor,
694 1399 749 1472 vir
778 1399 853 1472 vita
881 1398 1061 1485 mirabilis
1095 1399 1133 1473 in
1159 1398 1490 1498 septentrionalibus
1520 1399 1659 1474 Scotiae
1691 1449 1694 1452 >

208 1532 369 1630 partibus
408 1530 589 1615 oriundus,
623 1529 683 1604 sed
721 1554 743 1604 a
780 1530 1060 1629 propinquorum
1093 1554 1179 1605 cura
1216 1529 1358 1614 solutus,
1393 1541 1430 1603 et
1463 1529 1570 1605 seculi
1603 1541 1660 1603 tu-

208 1663 324 1737 multu
348 1662 544 1760 expeditus,
569 1660 758 1738 solitariam
783 1663 929 1761 cupiens
951 1662 1062 1737 utam
1089 1662 1227 1746 ducere,
1249 1670 1415 1758 parentes
1437 1661 1659 1758 patriamque

210 1795 362 1893 reliquit,
397 1806 434 1869 et
468 1794 558 1869 duce
584 1795 739 1870 Domino
770 1796 808 1870 in
837 1794 1008 1870 Franciae
1036 1803 1159 1892 partes
1191 1791 1362 1891 pervenit,
1392 1792 1455 1867 ubi
1483 1789 1519 1867 S.
1549 1793 1660 1867 Phar-

210 1949 314 2000 cnem
339 1924 541 2000 Meldorum
561 1925 762 2024 episcopum
788 1924 919 2023 petiit;
948 1948 1065 2021 quern
1094 1947 1176 1997 cum
1204 1923 1238 1996 S.
1269 1922 1428 1997 Fiaerius
1452 1947 1535 1996 cum
1560 1921 1660 1997 sociis

211 2055 459 2153 hospitalitatis
487 2056 604 2154 gratia
633 2053 840 2155 expetiisset,
876 2052 1045 2153 piissimus
1071 2056 1191 2129 Pharo
1220 2055 1385 2129 lubenter
1415 2052 1571 2150 suscepit,
1604 2055 1661 2127 cui

211 2187 427 2262 domicilium
455 2187 494 2262 in
523 2184 607 2261 silva
634 2187 806 2284 proxima,
836 2196 878 2260 ut
904 2187 1015 2261 vitam
1044 2187 1236 2261 solitariam
1265 2212 1347 2260 cum
1376 2186 1477 2260 sociis
1505 2186 1660 2284 degeret,

211 2317 430 2405 emunt,
467 2319 530 2394 uni
562 2317 699 2394 cansa
735 2319 781 2393 aa
801 2291 945 2418 'puna
987 2321 1147 2394 aeream
1184 2319 1321 2395 decimo
1364 2320 1489 2417 quinto
1527 2319 1661 2393 auena.

212 2450 388 2548 Septemb.
406 2475 500 2527 anno
517 2451 662 2528 Domini
681 2453 763 2537 622,
781 2463 953 2550 regnante
970 2451 1008 2527 in
1026 2452 1145 2530 Scotia
1162 2453 1363 2528 Ferchardo
1380 2478 1473 2550 rege.

643 2748 709 2821 DE
735 2747 920 2824 SANGTO
946 2749 1234 2824 LAURENTIO.

213 2982 385 3058 Sanctus
415 2980 673 3066 Lauaau‘rwa
699 2978 993 3077 Archiepiscopus
1018 2980 1262 3068 Dubliniensrs,
1289 2983 1327 3055 in
1355 2983 1443 3055 Iona
1468 2981 1579 3054 insula
1604 3006 1666 3054 na·

213 3125 271 3189 tus
306 3138 352 3188 ex
385 3112 489 3188 elaris
521 3113 700 3188 natalibus
726 3124 764 3187 et
793 3114 837 3186 de
866 3114 977 3188 nobili
1006 3113 1176 3212 prosapia,
1207 3115 1275 3188 suit
1309 3138 1374 3212 per
1400 3112 1667 3188 matrimonium

215 3248 307 3345 regis
337 3245 530 3321 Hiberniae
566 3245 865 3343 consanguineus3
899 3246 1066 3320 inbonis
1095 3246 1207 3321 literis
1234 3257 1271 3320 et
1297 3247 1456 3320 moribus
1484 3246 1521 3318 in
1550 3245 1667 3343 pueri-

215 3379 265 3454 tia
293 3377 436 3476 egregie
465 3376 642 3462 educatus,
673 3376 786 3450 donee
815 3377 853 3449 in
885 3376 1120 3453 adolescentia
1153 3379 1293 3453 cursum
1321 3378 1601 3477 philosophicum
1630 3389 1667 3451 et

216 3510 455 3610 theologicum
488 3507 694 3584 absolvisset.
763 3509 888 3586 Postea
926 3509 1055 3584 cecidit
1094 3521 1134 3584 ut
1176 3512 1214 3584 in
1254 3511 1464 3587 Hiberniam
1499 3510 1667 3585 transfre-

218 3655 319 3729 taret,
356 3642 417 3717 ubi
450 3666 516 3740 per
547 3641 584 3714 id
618 3653 759 3738 tempus
797 3640 1071 3717 Glindalacenfis
1109 3643 1289 3740 episeopus
1333 3645 1427 3717 vitae
1469 3643 1563 3716 diem
1607 3667 1668 3714 ex-

218 3788 372 3851 tremum
406 3773 587 3859 clauserat,
626 3772 790 3871 sedesque
829 3773 1040 3849 cathedralis
1079 3774 1154 3871 ejus
1195 3774 1295 3849 obitu
1337 3786 1488 3860 vacaret,
1523 3776 1560 3847 in
1593 3775 1667 3871 ejus

218 3921 337 3984 umen
371 3907 448 3981 loco
478 3905 659 4004 episcopus
693 3907 772 3981 fieri
805 3905 1005 3991 recusavit;
1044 3907 1171 3980 deinde
1209 3907 1316 4004 paulo
1349 3909 1424 4005 post
1458 3907 1587 3982 antidit
1625 3919 1666 3979 ut

170 4062 177 4073 ·
219 4039 393 4137 Georgius
412 4037 691 4136 archiepiscopus
706 4037 942 4112 Dublinienfis
959 4064 1004 4110 ex
1025 4039 1091 4112 hae
1114 4039 1188 4113 vita
1209 4041 1469 4138 commigraret.
1513 4041 1600 4138 Ejus
1616 4039 1666 4113 se-

219 4175 262 4248 de
285 4182 445 4256 vacante,
468 4170 637 4268 permulti
656 4170 850 4246 ambitione
878 4170 1022 4256 caecati,
1045 4173 1186 4270 generis
1212 4173 1397 4248 nobilitate
1420 4186 1457 4248 et
1481 4175 1666 4248 literarum

218 4305 362 4381 seientia
389 4313 577 4390 tumentes,
608 4303 733 4402 dignos
761 4304 796 4378 se
825 4304 887 4378 illo
920 4302 1122 4402 praesulatu
1151 4305 1421 4392 existimabant3
1447 4303 1507 4380 sed
1536 4329 1596 4381 eos
1626 4319 1666 4379 ut

218 4439 397 4536 improbos
432 4435 569 4535 depulit
608 4436 783 4511 Dominus
819 4438 867 4510 ab
903 4435 1049 4523 honore,
1084 4439 1215 4536 quippe
1248 4441 1310 4536 qui
1343 4437 1501 4538 superbis
1535 4438 1666 4524 resdlit,

219 4569 491 4666 humiliantem
521 4578 558 4642 et
586 4567 770 4643 mansueto
797 4568 989 4644 Laurentio
1021 4572 1115 4668 apud
1145 4571 1322 4647 electores
1354 4584 1492 4648 tantam
1525 4571 1668 4647 concili-

220 4702 293 4776 avit
320 4701 483 4800 gratim,
512 4709 554 4774 ut
583 4724 665 4773 cum
698 4700 742 4773 de
776 4699 940 4798 eligendo
972 4702 1110 4799 pastore
1140 4704 1367 4791 trastaretur,
1399 4706 1513 4780 subito
1546 4704 1668 4778 afflatu

220 4833 373 4936 Spiritus
399 4833 523 4909 Santti
551 4833 763 4908 laurentius
792 4832 1010 4931 eligeretur;
1046 4860 1199 4933 namque
1235 4849 1272 4912 et
1300 4839 1441 4937 genern
1474 4835 1670 4919 nobilitate,

1497 4960 1522 5012 a
