4470 5962
403 448 411 456 “
520 464 585 531 leo
921 463 986 530 me
1021 460 1364 533 scauroamus
1398 468 1566 536 scorrs.

519 651 593 727 tilis
625 648 775 726 nimium
807 649 951 726 habitus
981 652 1061 728 suit.
1128 652 1210 727 Post
1241 651 1378 751 aliquot
1410 679 1532 745 annos,
1571 658 1820 758 peregrinandi
1859 660 1972 737 studio

519 793 654 881 eaptus,
688 780 806 879 primo
838 781 876 855 in
909 783 1086 883 Angliam,
1123 783 1251 857 deinde
1287 782 1325 860 in
1360 785 1524 875 Galliam,
1566 790 1615 864 est
1656 789 1869 888 profectum
1910 793 1973 868 ubi

519 914 683 990 Lutetiae
705 913 767 987 diu
792 914 1016 1014 multumque
1042 914 1174 991 studuit
1199 915 1238 987 in
1265 914 1425 1014 collegio
1448 918 1676 1006 Jesuitarum,
1700 918 1817 998 multa
1840 922 1972 1010 didicit,

520 1044 676 1144 plurima
711 1045 820 1119 etiam
858 1046 989 1121 docuit.
1056 1045 1263 1144 Aliumptus
1295 1047 1404 1121 etiam
1437 1050 1486 1124 est
1519 1050 1556 1125 in
1589 1050 1793 1127 societatem
1832 1052 1919 1129 Jesu
1950 1079 1975 1130 a

519 1175 673 1264 desuitis,
707 1176 913 1275 quibuscum
947 1176 1140 1276 plurimum
1176 1177 1400 1253 conversatus
1434 1192 1521 1256 erat.
1582 1182 1837 1259 Mathematiea
1861 1185 1975 1262 studia

522 1309 678 1408 impense
711 1310 832 1396 coluit,
871 1319 908 1382 et
941 1308 1036 1383 inter
1068 1307 1402 1383 mathematicorum
1435 1306 1488 1385 sui
1521 1314 1692 1412 temporis
1726 1315 1975 1392 celeberrimos

523 1442 788 1517 numerandus:
815 1441 1032 1540 theologiam
1062 1439 1212 1537 insuper,
1242 1464 1350 1537 quam
1376 1442 1612 1519 scholasticam
1642 1456 1780 1533 vocant,
1809 1458 1974 1524 accurate

520 1574 653 1660 didicit,
684 1574 721 1646 in
751 1572 1021 1647 humanioribus
1050 1573 1170 1670 itaque
1195 1570 1309 1646 literis
1332 1584 1370 1647 et
1393 1574 1610 1674 theologicis,
1637 1575 1697 1650 sed
1725 1577 1975 1655 traditionibus

520 1704 693 1789 humanis,
719 1703 958 1802 superstitiosis
982 1704 1119 1790 ritibus,
1149 1714 1186 1776 et
1215 1701 1401 1777 horrendis
1425 1702 1651 1801 blasphemiis
1676 1705 1806 1780 mirum
1836 1706 1874 1782 in
1898 1733 1975 1784 mo-

521 1836 606 1910 dmn
633 1835 782 1921 refertis,
816 1835 993 1910 crescebat
1022 1833 1144 1909 indies.
1208 1832 1273 1905 Vir
1300 1845 1378 1908 erat
1404 1833 1547 1933 ingenio
1575 1836 1732 1912 curiosus
1759 1847 1797 1914 et
1825 1837 1972 1926 subtilis,

521 1965 662 2065 eloquio
703 1965 933 2052 scholasticus,
980 1964 1244 2040 conversatione
1285 1959 1516 2057 superstitiose
1561 1961 1720 2050 devotus,
1764 1965 1973 2040 eruditionis

521 2097 693 2173 varietate
730 2096 857 2183 clarus,
893 2073 1072 2171 bonorum
1111 2095 1302 2171 austorum
1335 2090 1482 2166 lectioni
1522 2090 1669 2168 mirifice
1712 2095 1861 2182 deditus,
1898 2122 1973 2172 me·

521 2228 655 2305 moriae
680 2238 718 2304 et
742 2228 930 2303 industriae
956 2227 1149 2326 singularis,
1179 2226 1237 2300 cui
1263 2223 1372 2299 etiam
1396 2223 1520 2321 pietas,
1548 2224 1685 2299 utinam
1715 2249 1786 2302 non
1810 2228 1973 2328 praepos-

520 2371 608 2447 tera,
642 2371 679 2434 et
713 2360 866 2435 eruditio
899 2384 1028 2435 nomen
1062 2385 1135 2434 non
1169 2358 1346 2433 incelebre
1380 2354 1564 2431 dederunt.
1624 2357 1713 2432 Erat
1754 2359 1848 2432 enim
1890 2386 1974 2436 con·

521 2493 681 2568 cionator
731 2492 883 2590 elegans,
927 2490 1124 2590 disputator
1164 2488 1310 2574 subtilis,
1353 2497 1390 2562 et
1431 2487 1494 2585 qui
1538 2488 1671 2587 ingenii
1718 2491 1880 2567 acumine
1926 2495 1973 2570 ad

520 2621 704 2698 solvendos
736 2621 1022 2697 difficillimarum
1066 2622 1307 2721 quaestionum
1347 2619 1459 2694 nodos
1498 2617 1652 2695 multum
1692 2622 1829 2697 valuit:
1868 2625 1975 2700 alito-

521 2756 660 2831 nomiae
686 2754 836 2829 celebris
865 2755 1001 2841 doctor,
1030 2752 1230 2830 caelestium
1262 2762 1480 2837 naturarum,
1509 2776 1707 2851 corporum,
1737 2763 1774 2828 et
1799 2753 1974 2830 virtutum

520 2885 661 2962 sedulus
699 2885 895 2984 indagator,
930 2896 967 2959 et
1005 2892 1063 2958 rob
1095 2889 1325 2982 μαθηματικῶν
1362 2892 1488 2958 acutus
1515 2883 1792 2970 ‚demonstrator
1870 2884 2002 2989 Unde·

521 3015 658 3115 seriptis
672 3014 843 3090 commisit

669 3145 935 3222 commentaria
950 3145 988 3218 in
1006 3142 1212 3242 sphaeram.

671 3277 727 3351 De
744 3277 902 3351 Horrore
920 3274 1072 3359 Peccati‚
1089 3274 1150 3347 lib.

671 3408 714 3480 In
730 3404 928 3480 Passionem
944 3403 1090 3478 Domini
1107 3402 1366 3480 Meditationea

672 3534 924 3610 Inshuttiones
956 3533 1123 3632 quasdam
1156 3535 1344 3615 neotericis
1376 3536 1579 3624 Catholicis,
1605 3562 1628 3613 a
1653 3537 1846 3617 reformata
1878 3541 1976 3619 Beli·

721 3665 827 3766 gione
844 3663 1099 3750 deficientibus,
1117 3674 1154 3739 et
1170 3663 1208 3739 in
1225 3667 1400 3765 gremium
1418 3667 1602 3743 Romanae
1618 3667 1793 3747 Ecclesiae
1808 3672 1970 3771 receptis

524 3799 574 3874 Et
606 3798 677 3874 alia
708 3797 872 3896 plurima,
916 3821 1007 3898 quae
1042 3795 1222 3893 hucusque
1260 3798 1307 3871 nd
1342 3798 1495 3873 nostram
1527 3798 1691 3875 notitiam
1724 3827 1796 3877 non
1827 3807 1977 3901 perven-

524 3941 639 4006 erunt.
689 3928 828 4006 Obruit
852 3928 947 4004 circa
969 3953 1103 4002 annum
1128 3928 1301 4003 adventus
1323 3927 1467 4004 Mediae
1491 3929 1529 4002 in
1557 3954 1664 4005 carne
1694 3935 1801 4019 1598,
1828 3933 1913 4007 dum
1937 3932 1976 4008 in

526 4061 647 4138 &otia
661 4060 813 4137 feliciter
828 4071 866 4136 et
881 4059 1027 4160 pacifice
1043 4083 1163 4134 rerum
1180 4059 1357 4157 potiretur
1370 4059 1527 4137 Jacobus
1543 4061 1683 4139 Sextua

963 4352 1030 4430 DE
1055 4353 1284 4432 ROBERTO
1308 4352 1544 4431 PONTANO.

526 4589 732 4664 &annuus
769 4589 985 4674 Pousauue,
1026 4584 1254 4660 Caledonius
1270 4582 1473 4668 Britannus,
1512 4606 1558 4656 ex
1596 4582 1762 4671 culrolia
1801 4595 1865 4660 aut
1903 4610 1976 4662 non

529 4720 652 4820 procul
675 4721 720 4795 ab
747 4744 799 4805 ea,
824 4720 914 4793 urbe
938 4717 1127 4804 maritima,
1148 4713 1360 4813 antiquitate
1384 4714 1624 4802 eeleben'ima,
1642 4714 1795 4793 honellis
1820 4718 1976 4816 parenti-
