4448 5964
780 540 846 605 DE
881 540 1226 607 SCRIPTORIBUS
1260 543 1428 610 SGOTIS.
1798 553 1837 614 81

383 726 585 802 liberalium
619 727 710 800 bene
747 726 938 814 institutus,
975 731 1138 805 ordinem
1178 732 1468 807 Praedicatorum
1503 733 1627 809 Sancti
1668 736 1845 810 Dominici

376 860 519 958 juvenis
560 859 738 946 intravit3
788 871 899 959 utque
943 872 1021 937 erat
1064 862 1158 938 felici
1203 874 1239 938 et
1282 865 1511 963 praecellenti
1555 865 1697 965 ingenio
1744 895 1846 967 prae-

383 992 488 1079 ditus,
524 993 720 1067 studiorum
759 1017 951 1093 rerumque
984 997 1144 1070 omnium
1183 995 1360 1072 eruditam
1401 997 1639 1096 cognitionem
1672 996 1846 1074 alsecutus

382 1125 440 1211 est,
470 1150 578 1224 quam
609 1148 694 1198 mox
727 1124 833 1225 longe
866 1125 1138 1224 splendidiorem
1169 1127 1301 1201 dabant
1331 1127 1514 1226 fingularis
1544 1130 1638 1204 vitae
1668 1130 1845 1208 finceritas

382 1269 420 1332 et
442 1256 660 1356 suspicienda
681 1257 805 1356 pietas,
832 1259 927 1333 unde
952 1258 1047 1333 inter
1068 1258 1147 1334 suos
1170 1259 1397 1335 inclarescere
1421 1263 1558 1360 coepit3
1590 1264 1682 1350 hinc,
1706 1263 1845 1364 sumpta

379 1388 601 1487 theologicae
625 1386 844 1487 prosellionis
868 1415 1037 1488 purpura,
1063 1391 1196 1465 ordinis
1217 1391 1508 1467 Praedicatorum
1532 1395 1697 1493 magister
1720 1421 1845 1494 gener-

381 1520 593 1599 nisaeus
625 1521 684 1594 est.
735 1521 936 1618 Theologus
962 1531 1040 1595 erat
1069 1522 1243 1620 imprimis
1270 1524 1497 1611 doetilsrmus,
1529 1528 1720 1626 floruitque
1749 1530 1844 1605 sama

382 1677 425 1728 ac
449 1652 657 1728 celebritate
689 1652 848 1727 virorum
876 1653 1096 1728 humanioris
1122 1656 1364 1755 politiorisque
1393 1660 1599 1734 literaturae
1626 1661 1755 1758 peritia
1784 1686 1844 1734 ex-

381 1783 614 1871 cellentium3
654 1784 749 1859 unde
782 1785 828 1859 ab
866 1783 964 1858 omni
1003 1783 1108 1870 clero,
1142 1787 1212 1862 suis
1244 1790 1428 1865 monachis
1460 1791 1770 1879 consentientibus,
1805 1794 1842 1867 in

381 1915 584 2015 episcopum
609 1915 871 2015 Bangorensem
897 1915 1120 1990 consecratus
1144 1919 1203 2005 est,
1229 1945 1252 1994 a
1275 1921 1449 1996 Godwino
1472 1923 1608 2020 primus
1630 1922 1667 1996 in
1692 1949 1735 1999 eo
1764 1925 1842 1999 loco

382 2049 601 2124 collocatus:
644 2050 737 2124 hanc
770 2060 891 2124 autem
932 2048 1059 2134 sedem,
1094 2060 1135 2123 ut
1167 2051 1277 2126 habet
1310 2052 1635 2140 Malmelburiensrs,
1668 2055 1842 2154 majorum

381 2181 586 2257 divitiarum
619 2182 678 2281 spe
712 2182 869 2280 reliquit,
905 2179 1067 2256 causatus
1108 2183 1204 2279 quod
1237 2181 1299 2258 srbi
1333 2195 1370 2259 et
1404 2185 1623 2260 vallensibus
1655 2211 1727 2261 non
1760 2212 1843 2264 con-

382 2315 529 2390 veniret.
598 2315 775 2390 Henricus
808 2338 873 2389 rex
909 2313 1036 2411 postea,
1072 2314 1243 2390 desunsto
1276 2317 1457 2392 Richardo
1489 2343 1584 2418 rege,
1617 2319 1713 2394 hunc
1752 2321 1843 2394 Her·

382 2471 509 2522 vacum
543 2448 590 2521 ad
627 2445 774 2520 Elienfis
816 2445 978 2521 ecclesrae
1018 2445 1264 2544 pontificatum
1305 2449 1450 2536 evexit3
1493 2451 1564 2548 qui,
1606 2462 1648 2525 ut
1683 2452 1843 2549 loquitur

381 2580 585 2666 (lodwinus,
620 2576 835 2678 Bangorenli
874 2602 988 2674 nuper
1021 2576 1093 2651 sedi
1132 2579 1345 2676 praefuerat
1380 2580 1440 2655 sed
1484 2582 1626 2679 quando
1668 2582 1720 2655 illi
1760 2608 1841 2658 cum

381 2713 494 2788 Vallis
531 2713 628 2786 haud
670 2715 761 2785 bene
804 2710 1018 2795 conveniret,
1066 2710 1103 2782 in
1145 2713 1313 2811 Angliam
1355 2739 1465 2789 novas
1506 2714 1604 2789 sedes
1645 2714 1841 2812 quaesitum

381 2856 536 2921 venerat.
603 2844 804 2919 Transsatus
836 2844 885 2917 est
918 2867 1011 2916 anno
1049 2847 1171 2928 11093
1213 2843 1302 2918 sedit
1341 2845 1379 2918 in
1416 2846 1484 2920 hac
1526 2844 1669 2920 ecclesra
1712 2846 1841 2921 Eliensr

382 2978 518 3078 primm
543 2977 704 3075 pontifex
728 3000 840 3051 annos
866 2974 991 3075 viginti
1018 2975 1098 3047 duo.
1150 2975 1216 3048 Vir
1238 2988 1316 3052 erat
1339 2977 1590 3075 usquequaque
1620 2978 1840 3063 venerabilia

382 3111 564 3209 praeclara
598 3109 796 3183 eruditione
831 3118 868 3181 et
902 3107 980 3205 pari
1014 3105 1147 3204 pietate
1184 3107 1418 3206 praesrdgens,
1453 3108 1652 3183 admirabili
1687 3108 1839 3207 ingenio,

382 3242 547 3342 singulari
576 3242 776 3341 prudentia,
810 3240 1009 3338 praeclaras
1045 3237 1154 3312 etiam
1187 3240 1350 3313 acerrimi
1380 3241 1513 3340 ingenii
1546 3251 1583 3315 et
1612 3241 1840 3315 admirandae

327 3386 329 3390 “
383 3376 576 3452 memoriae
610 3376 711 3448 dotes
757 3372 963 3447 liberalibus
996 3369 1187 3468 disciplinis
1219 3373 1374 3447 selioitur
1415 3374 1626 3459 exomavit3
1664 3373 1702 3447 in
1735 3373 1840 3448 sacris

381 3509 512 3595 studiis
542 3507 725 3605 utriusque
756 3505 967 3580 Testamenti
995 3504 1104 3588 libris
1134 3513 1171 3577 et
1201 3515 1344 3601 patrum
1372 3503 1509 3603 scriptis
1542 3504 1732 3603 diligenter
1763 3530 1840 3579 ver·
1985 3576 1987 3581 ,

382 3642 486 3729 satus,
519 3666 584 3716 neo
611 3639 740 3714 minori
768 3663 849 3712 cum
877 3636 981 3711 laude
1012 3636 1048 3708 in
1075 3633 1323 3732 philosophicis
1349 3646 1387 3708 et
1416 3635 1623 3709 secularium
1654 3637 1839 3712 literarum

279 3760 282 3765 ’
382 3775 505 3852 suus
532 3775 685 3849 sosas:
716 3771 877 3846 Durandi
905 3767 1083 3844 asanoo
1106 3767 1275 3841 Portiano
1304 3769 1471 3866 aequans,
1497 3779 1538 3843 us
1562 3769 1679 3867 inquit
1703 3770 1840 3844 serm.

382 3910 509 3984 minus.
579 3907 650 3981 Sed
679 3915 719 3979 ut
750 3906 795 3979 ad
825 3905 861 3977 id
894 3903 989 4000 quod
1020 3897 1196 3975 cultillimi
1228 3899 1382 3974 hominis
1414 3900 1596 3999 ingenium
1630 3911 1767 3975 certum
1801 3913 1838 3975 et

381 4041 623 4116 indubitatum
652 4037 701 4112 est
731 4038 901 4134 τικμῆςιον,
937 4059 1028 4132 quae
1059 4033 1244 4107 dostrinae
1272 4044 1504 4108 monumenta
1532 4034 1677 4131 posteris
1705 4034 1838 4109 tradid

381 4173 451 4249 erit
475 4173 533 4246 hic
559 4170 707 4245 celebris
737 4180 773 4243 et
804 4169 847 4242 de
875 4193 914 4242 re
943 4165 1102 4241 literaria
1126 4166 1259 4264 optime
1284 4165 1434 4240 meritus
1458 4167 1593 4253 doctor,
1619 4166 1835 4264 aspiciamus,

381 4304 515 4403 scriplit

529 4436 573 4508 In
590 4446 744 4533 quatuor
759 4434 869 4527 libros
885 4431 1042 4530 Magistri
1061 4429 1334 4504 Sententiarum.

527 4568 571 4641 In
587 4567 760 4664 Epistolas
778 4566 813 4638 S.
831 4564 944 4638 Pauli.

528 4702 583 4776 De
601 4700 778 4775 Potestate
796 4698 925 4795 Papae.
