4470 5962
414 505 477 568 122
818 500 884 566 DE
918 498 1263 568 SCRIPTORIBUS
1295 500 1465 566 scoms.

417 690 501 765 diuo
528 686 746 786 Andreapoli
775 683 1014 787 acquifiviffet
1042 686 1089 762 ad
1114 687 1244 785 praxin
1269 688 1387 786 postea
1415 687 1450 762 fe
1475 687 1637 774 contulit,
1666 714 1782 789 neque
1810 690 1875 769 diu

418 820 599 920 ingenium
623 821 699 918 ejus
728 816 860 917 infigne
889 819 1001 893 latere
1024 819 1152 916 potuit.
1203 820 1261 893 Ad
1283 819 1429 917 pastoris
1452 818 1563 919 igitur
1586 845 1717 897 munus
1741 825 1875 899 obeun-

419 951 504 1028 dum
532 953 571 1026 in
601 950 744 1027 ecclelia
773 949 1026 1050 Fdinburgena
1059 951 1108 1025 est
1141 961 1296 1036 vocatus,
1330 949 1555 1050 ejusdemque
1589 951 1688 1028 urbis
1720 952 1873 1053 collegii,

418 1108 531 1183 nuper
564 1084 755 1159 admodum
788 1082 911 1169 erecti,
946 1083 1042 1182 quod
1074 1108 1169 1157 nunc
1202 1081 1400 1180 Collegium
1434 1083 1545 1182 Regis
1572 1083 1700 1159 Jacobi
1733 1084 1875 1171 dicitur,

418 1217 539 1291 rector
566 1214 783 1300 constitutus,
813 1189 857 1289 et·
882 1213 1082 1313 theologiae
1108 1211 1278 1312 profelfor
1308 1214 1449 1288 ibidem.
1507 1214 1742 1313 Evangelium
1772 1216 1876 1315 regni

419 1345 488 1420 Dei
518 1345 655 1420 fervore
688 1370 760 1420 non
788 1344 926 1420 modico
960 1345 1197 1443 praedicabat,
1228 1345 1266 1419 in
1297 1345 1561 1443 pontificiorum
1591 1347 1781 1434 erroribus,
1813 1347 1876 1423 ad·

419 1478 490 1553 huc
526 1501 599 1552 non
631 1476 791 1552 funditus
823 1502 844 1552 e
878 1502 988 1575 regno
1023 1477 1158 1563 deletis,
1191 1476 1397 1562 refutandis,
1430 1486 1468 1550 et
1501 1477 1650 1552 audacia
1690 1478 1877 1577 praecipiti

418 1609 691 1708 comprimenda,
718 1609 873 1683 multum
897 1608 1059 1684 adhibuit
1084 1608 1282 1694 industriae,
1309 1633 1458 1707 magnos
1484 1608 1633 1706 pertulit
1659 1609 1808 1696 labores,
1836 1621 1875 1685 et

419 1741 661 1818 incredibilem
688 1741 838 1817 ostendit
867 1741 992 1816 zelum.
1062 1741 1138 1814 Hos
1166 1739 1461 1838 disputationibus
1487 1740 1640 1839 publicis
1671 1742 1878 1840 frequenter

420 1874 646 1973 oppugnavit,
674 1873 746 1948 imo
773 1873 924 1948 viriliter
952 1874 1178 1971 expugnavit,
1212 1872 1250 1946 in
1278 1871 1506 1948 concionibus
1542 1874 1771 1948 vehementer
1803 1874 1880 1974 agi·

420 2007 519 2094 tavit
559 2006 711 2104 denique
752 2005 853 2092 libris
893 2004 1030 2103 scriptis
1071 2004 1254 2080 evidenter
1286 2003 1492 2079 confutavit.
1560 2006 1604 2078 In
1645 2005 1751 2081 sacris
1793 2031 1878 2081 con·

420 2137 580 2211 cionibus
612 2145 754 2211 tantum
787 2134 987 2211 admirabili
1020 2133 1185 2210 facundia
1216 2135 1338 2222 valuit,
1368 2146 1410 2209 ut
1443 2135 1616 2233 populum
1645 2136 1878 2213 instaurandis

421 2268 651 2366 religionibus
681 2267 851 2354 deditum,
879 2278 916 2341 et
944 2277 1023 2342 tum
1050 2291 1143 2341 novo
1171 2277 1336 2364 receptae
1365 2267 1541 2343 libertatis
1567 2267 1697 2365 gaudio
1730 2269 1878 2367 gestien-

421 2411 505 2484 tem,
524 2424 595 2497 quo
616 2399 723 2473 vellet
747 2397 850 2473 facile
875 2398 1084 2496 impelleret.
1127 2397 1192 2472 Vir
1214 2398 1303 2497 pius,
1325 2399 1497 2485 literatum,
1520 2409 1558 2474 et
1578 2399 1717 2475 divinae
1742 2400 1878 2498 gloriae

422 2531 498 2605 zelo
522 2531 612 2605 mire
639 2531 789 2615 fervens,
819 2532 994 2604 bonarum
1023 2529 1208 2603 hterarum
1233 2527 1497 2617 amantillimus,
1529 2530 1645 2607 omnis
1673 2531 1816 2605 virtutis
1840 2542 1878 2606 et

421 2663 564 2760 pietatis
604 2662 764 2737 strenuus
807 2662 933 2747 cultor,
971 2662 1009 2735 in
1045 2660 1173 2735 divinis
1210 2659 1469 2749 cruditiffimus,
1510 2673 1547 2737 et
1586 2663 1624 2738 iu
1663 2661 1880 2738 secularibus

422 2795 535 2869 literis
576 2793 716 2893 egregie
759 2794 895 2878 domus,
937 2794 1124 2891 theologus
1167 2792 1426 2882 celeberrimus,
1466 2793 1703 2892 philosophus,
1745 2804 1878 2881 orator,

423 2936 461 3000 et
486 2937 593 3024 poeta
620 2924 778 3000 omnium
808 2921 1142 3022 praestantiffimus3
1176 2924 1240 3010 vir,
1275 2925 1430 3023 inquam,
1461 2927 1696 3023 undecunque
1725 2921 1880 3003 doctiffi·

423 3081 512 3140 mus,
547 3054 688 3154 ingenio
721 3054 868 3142 subtilis,
905 3055 1045 3154 eloquio
1079 3054 1236 3140 disertus,
1272 3054 1431 3131 sermone
1467 3056 1695 3144 scholasticus,
1732 3055 1806 3132 vita
1839 3066 1877 3131 et

424 3187 685 3263 conversatione
732 3188 889 3259 devotus.
966 3184 1108 3283 Scripfit
1153 3188 1252 3262 varia
1295 3189 1478 3286 praeclara
1527 3187 1700 3288 opuscula,
1747 3187 1878 3287 quibus

424 3344 553 3395 nomen
571 3319 671 3393 fuum
687 3318 791 3417 longe
808 3318 950 3414 lateque
967 3317 1184 3416 divulgavit3
1201 3343 1221 3393 e
1238 3319 1376 3417 quibus,

571 3452 626 3524 De
643 3449 838 3524 Vocatione
854 3448 1008 3536 Efficaci,
1024 3449 1084 3523 lib.

572 3583 616 3656 In
631 3580 803 3679 Epistulas
819 3580 864 3654 ad
881 3579 1070 3665 Romanos,

573 3714 632 3789 Ad
647 3712 828 3810 Ephesios

574 3845 616 3918 In
632 3843 827 3918 Danielem.

573 3977 616 4050 In
631 3977 817 4049 Joannem.
862 4006 870 4019 ·

425 4112 473 4185 Et
498 4120 647 4193 caetera,
673 4131 764 4205 quae
789 4105 877 4181 alias
900 4131 923 4180 a
947 4105 1049 4179 nobis
1073 4115 1281 4181 enumerata
1304 4104 1395 4180 funt.
1449 4075 1587 4180 claruit
1610 4130 1705 4180 anno
1727 4105 1879 4205 virginei

424 4252 547 4340 partus
563 4243 672 4326 1590,
689 4239 775 4314 dum
792 4236 922 4312 Scotici
939 4236 1040 4335 regni
1056 4237 1198 4323 clavum
1212 4236 1381 4335 dirigeret
1396 4237 1553 4315 lacobus
1569 4237 1710 4311 Sextus.
