4470 5962
790 558 855 624 DE
894 557 1236 625 SCRIPTORIBUS
1272 558 1441 626 SCOTIS.
1780 564 1842 631 109

388 748 471 824 dam
494 745 726 822 concionandi
748 770 879 846 genere
905 746 1071 834 emicuit3
1097 771 1141 821 ac
1164 747 1276 821 veluti
1300 747 1394 823 alter
1415 747 1600 822 electionis
1624 772 1687 822 vas
1711 749 1845 823 mundo

387 879 539 967 oblatus,
569 888 708 954 tantam
741 877 875 978 ingenii
901 879 973 953 vim
1001 888 1040 953 et
1068 879 1218 954 docendi
1246 881 1357 954 robur
1383 880 1428 954 de
1459 879 1494 954 se
1522 879 1680 966 ostendit,
1715 881 1753 955 in
1786 882 1846 955 de-

387 1009 658 1089 clamationibus
691 1010 737 1085 ad
771 1012 945 1110 populum
971 1011 1024 1087 ita
1051 1011 1169 1087 verbis
1195 1010 1310 1097 lettis,
1340 1011 1455 1086 multo
1488 1035 1570 1086 cum
1603 1011 1746 1110 spiritus
1777 1012 1845 1086 fer·

386 1166 481 1229 vore,
513 1141 663 1218 disertus
693 1154 781 1229 erat,
809 1153 847 1217 et
876 1141 1106 1219 sententiolns
1137 1141 1246 1218 etiam
1275 1167 1407 1219 canora
1435 1168 1529 1230 voce,
1556 1145 1668 1229 uultu
1697 1169 1740 1219 ac
1769 1169 1845 1219 cae·

386 1275 473 1353 teris
501 1276 661 1376 eorporis
688 1275 844 1351 motibus
870 1275 917 1350 ad
943 1300 1020 1351 rem
1046 1285 1124 1350 erat
1149 1275 1444 1360 accommodatus,
1471 1287 1512 1349 ut
1539 1275 1628 1349 nihil
1655 1276 1702 1351 ad
1731 1276 1845 1350 laudis

386 1406 569 1484 crumilum
600 1406 732 1484 addere
764 1405 877 1506 pollis
933 1407 1077 1494 Quanta
1108 1417 1229 1481 autem
1261 1406 1368 1505 hujus
1401 1406 1467 1481 viri
1502 1405 1675 1494 doctrine„
1710 1419 1845 1508 quanta

386 1538 610 1641 eloquentiae
642 1539 697 1614 vis
724 1563 767 1615 ac
798 1539 959 1638 majestas
986 1539 1105 1626 fuerit,
1138 1536 1269 1636 partim
1302 1562 1349 1612 ex
1380 1536 1608 1625 sermonibus,
1637 1539 1769 1637 partim
1799 1563 1843 1612 ex

386 1671 539 1772 epistolis
562 1682 601 1747 et
626 1670 847 1747 orationibus
868 1696 891 1747 a
911 1671 947 1746 se
975 1667 1202 1747 eruditiffime
1225 1670 1338 1756 editis
1362 1671 1507 1768 quisque
1537 1672 1690 1747 dilucide
1717 1671 1843 1747 elicere

386 1803 508 1902 potest
559 1801 703 1902 Scripfit
719 1800 815 1877 enim

536 1934 714 2010 Buccinae
731 1934 902 2010 Afflatum
918 1933 1084 2032 primum,
1102 1932 1161 2007 lib.
1182 1955 1206 2005 1.

538 2064 597 2139 Ad
613 2063 808 2163 Populares
825 2062 975 2150 Scotiae
992 2061 1053 2137 lib.
1070 2083 1095 2135 1.

536 2193 728 2273 Gonfilium
744 2194 783 2271 in
798 2196 855 2270 his
872 2195 1060 2295 Angustiis.

535 2326 643 2428 Epist.
659 2328 706 2404 ad
722 2327 972 2404 Londinienses
988 2338 1026 2403 et
1042 2325 1140 2414 alios,
1156 2326 1217 2402 lib.
1235 2349 1260 2403 1.

536 2459 672 2535 Contra
687 2458 826 2536 Miffam
843 2459 1062 2559 Papilticam,
1079 2457 1140 2534 lib.

535 2589 580 2666 In
596 2590 750 2667 Genelln
769 2591 975 2669 conciones

388 2721 436 2797 Et
461 2722 532 2798 alia
554 2722 720 2823 plurima,
747 2747 839 2824 qnae
863 2723 950 2800 alibi
974 2748 998 2799 a
1021 2722 1124 2799 nobie
1144 2721 1251 2800 hrfius
1276 2734 1539 2800 enumerantur.
1590 2725 1728 2801 Clnrnit
1749 2751 1843 2803 anno

387 2853 533 2951 Gratiae
552 2859 659 2942 1559,
676 2856 740 2930 sub
757 2854 898 2932 Sootiae
914 2855 1039 2956 regina
1057 2855 1182 2931 Maria

809 3151 876 3228 DE
898 3149 1092 3228 JOANNE
1117 3147 1418 3226 DEMPSTERO.

386 3381 562 3458 donum
590 3379 855 3469 Dedimus
882 3381 944 3458 seu
974 3381 1169 3458 Themistor
1201 3380 1329 3467 diana
1360 3380 1461 3456 Jnris
1488 3378 1669 3478 utriusque
1704 3379 1842 3455 noceor

387 3512 559 3599 Lutetiae,
594 3522 631 3588 et
664 3513 879 3613 reipublicae
922 3514 1081 3590 Venetae
1123 3510 1421 3598 bibliothecarius,
1455 3534 1587 3611 genere
1620 3522 1657 3586 et
1698 3512 1841 3587 natione

388 3646 526 3734 Suetus
551 3670 597 3721 ex
621 3645 766 3722 honesta
788 3645 923 3724 familia
946 3645 1234 3745 Dempsterornm
1257 3641 1436 3730 oriundus,
1468 3654 1506 3716 et
1532 3640 1688 3718 Th0mae
1711 3641 1843 3742 Demp-

386 3776 476 3863 steri
499 3776 568 3851 viri
596 3776 730 3853 literati
759 3788 797 3853 et
824 3802 940 3877 nuper
962 3775 1156 3854 admodum
1184 3771 1354 3859 defimcti,
1380 3772 1543 3873 gentilis3
1573 3773 1634 3871 qui
1658 3772 1842 3873 postquam

387 3907 594 3983 litentnrae
627 3907 848 3984 humanioris
880 3907 1097 3984 curriculum
1130 3900 1336 3989 absolviliet,
1365 3900 1485 3980 miffue
1517 3903 1567 3978 est
1599 3904 1646 3978 ad
1681 3906 1842 3981 Aberdo·

387 4036 494 4114 nense
533 4037 751 4138 gymnalium
787 4040 834 4116 ad
874 4039 1040 4116 liberales
1080 4048 1177 4114 artes
1216 4034 1456 4134 capescendas,
1501 4037 1563 4110 ubi
1604 4036 1843 4137 philosophica

387 4169 509 4257 studia.
538 4178 581 4246 ut
605 4171 714 4247 moris
738 4171 797 4259 est,
826 4171 1016 4247 inchoavit.
1064 4169 1135 4246 Sed
1163 4191 1208 4244 eo
1238 4167 1341 4243 cursu
1366 4177 1513 4267 propter
1542 4192 1701 4244 amorem
1726 4171 1843 4267 ponti·

386 4302 487 4379 boiae
511 4301 693 4402 religionis
715 4301 852 4390 rebt'co,
877 4301 1123 4379 transfretavit
1145 4300 1184 4374 in
1208 4298 1372 4386 Galliam,
1395 4308 1433 4376 et
1457 4299 1683 4377 Lutetianam
1707 4303 1843 4378 Acade-

387 4432 506 4517 miam,
528 4430 640 4507 totius
665 4431 804 4508 Galbae
833 4432 1110 4517 celeberrimam,
1135 4429 1234 4517 adiit,
1262 4429 1383 4531 ibique
1415 4431 1527 4508 studia
1555 4432 1756 4533 interrupta
1787 4461 1844 4511 re·

388 4561 518 4661 petiit;
544 4572 652 4660 atque
679 4565 756 4663 post
786 4562 946 4641 absoluta
970 4560 1212 4662 philosophiae
1237 4561 1359 4652 uuna
1378 4561 1676 4662 jurisprudentiae
1698 4589 1843 4666 opernm

389 4693 497 4780 dedit,
529 4693 621 4770 tales
662 4705 783 4773 autern
821 4694 1008 4795 tantosque
1039 4693 1212 4793 temporis
1244 4691 1395 4771 sucoellu
1434 4693 1633 4796 progreffus
1670 4697 1764 4784 iecit,
1802 4712 1843 4774 ut

389 4824 570 4924 utriusque
607 4826 700 4926 juris
740 4825 870 4902 (1οᾶοι
904 4835 1087 4902 crearetur
1124 4825 1383 4903 celeberrimus.
1451 4829 1544 4904 Cum
1581 4829 1650 4905 hac
1695 4828 1843 4916 ratione,
