4448 5964
554 530 598 591 24
949 526 1014 590 DE
1054 524 1397 591 SCRIPTORIBUS
1435 524 1604 590 SCO'I'IS.

554 715 602 788 est
643 715 833 811 profeetus,
876 715 938 788 ubi
984 714 1018 787 se
1062 712 1244 787 monachis
1275 713 1444 787 iratribus
1487 712 1524 784 in
1559 711 1750 795 ‚crolandio
1794 713 2008 788 Monasterio

547 848 726 944 junxerat,
750 848 844 945 apud
867 872 956 944 quos
976 871 1146 946 magnum
1168 871 1298 920 nomen
1321 844 1529 918 eruditionis
1554 845 1603 918 est
1626 844 1784 942 adeptus.
1836 845 2008 920 Exereuit

551 979 670 1074 postea
704 978 885 1077 ingenium
916 1004 987 1052 non
1021 979 1128 1053 modo
1157 978 1195 1052 in
1228 977 1341 1051 soluta
1375 977 1544 1062 oratione,
1575 987 1616 1050 ut
1648 976 1795 1050 testatur
1831 977 2008 1053 Lelandus

552 1110 698 1208 Anglua
742 1136 866 1184 verum
900 1111 1008 1184 etiam
1041 1109 1207 1195 carmine,
1241 1133 1322 1182 oum
1363 1108 1460 1181 Seoti
1495 1107 1693 1204 plerunque
1731 1132 1753 1180 a
1799 1118 1928 1183 natura
1969 1111 2007 1182 in

551 1242 618 1315 hoo
642 1268 773 1341 genere
804 1242 989 1317 excellant.
1041 1243 1084 1314 ln
1113 1243 1201 1316 flore
1230 1242 1325 1315 enim
1349 1240 1549 1337 juventutis
1579 1249 1772 1336 antequam
1797 1241 1844 1315 ad
1872 1253 2006 1316 matur-

550 1399 609 1447 am
652 1384 808 1448 aetatem
852 1369 1073 1471 pervenillet,
1107 1372 1195 1447 haee
1233 1384 1465 1447 monumenta
1498 1373 1659 1471 eximiae,
1683 1375 1892 1451 eruditionis
1924 1378 2006 1452 reli·

553 1508 640 1604 quit.

700 1643 820 1716 Vitam
850 1639 1028 1714 Edmundi
1056 1637 1371 1735 OstroAnglorum
1402 1637 1519 1736 Regis,
1553 1636 1707 1712 varfibus
1738 1640 1890 1714 heroicis
1924 1666 2006 1714 eon-

749 1771 924 1869 scriptam.

699 1904 819 1978 Vitam
836 1904 870 1976 N
871 1903 943 1976 eoti
960 1900 1069 1976 etiam
1086 1901 1251 1974 carmine.

700 2036 755 2108 De
772 2034 930 2133 legendis
947 2031 1180 2105 Ethnieorum
1199 2029 1356 2128 Scriptis,
1375 2029 1434 2104 lib.
1453 2052 1477 2103 1.

700 2168 754 2240 De
772 2165 865 2239 Vitis
881 2164 1184 2261 Philolbphorum.

700 2299 815 2396 Super
831 2298 967 2372 Bedam
984 2297 1028 2369 de
1046 2295 1286 2394 Temporibus.

383 2418 403 2455 ’Χ
550 2431 687 2506 Claruit
726 2455 819 2505 anno
844 2429 980 2528 gratiae
1009 2452 1073 2526 per
1108 2427 1284 2501 Christum
1311 2425 1524 2500 servatorem
1563 2428 1668 2517 1178,
1709 2438 1882 2525 regnante
1917 2429 2003 2501 Wil-

548 2563 668 2637 helmo
684 2587 769 2661 rege
786 2562 983 2636 Scotorum.

999 2854 1065 2926 na
1091 2850 1276 2925 snumo
1302 2853 1536 2930 runslno.
1673 2964 1679 2972 q

549 3088 751 3160 Funasnus
783 3084 838 3156 vir
870 3082 987 3154 fuerat
1020 3079 1114 3154 vitae
1155 3082 1374 3168 venerabilis,
1414 3084 1452 3157 in
1490 3085 1616 3161 Infulis
1650 3086 1849 3162 Hebridum
1887 3099 2002 3174 natus.

548 3218 677 3293 nobilis
715 3215 858 3313 quidem
890 3236 1021 3312 genere
1060 3210 1120 3286 sed
1152 3212 1305 3286 nobilior
1337 3215 1416 3301 fide,
1447 3215 1553 3291 l'eeuli
1586 3217 1759 3316 dignitate
1792 3220 1887 3294 inter
1924 3219 2003 3294 suos

547 3352 672 3435 clarus,
699 3348 758 3422 sed
780 3346 900 3420 divina
925 3343 1042 3444 gratia
1067 3342 1199 3440 ubique
1223 3346 1457 3446 praecipuus;
1483 3360 1560 3424 erat
1585 3351 1680 3424 enim
1705 3352 1820 3425 forma
1844 3353 2002 3437 decorus

547 3506 695 3581 corpore
722 3479 843 3564 castus
871 3487 991 3551 mente
1019 3476 1176 3561 devotus,
1207 3476 1355 3551 affabilis
1382 3479 1568 3578 colloquio,
1598 3483 1761 3556 amabilis
1785 3483 1940 3581 al'pettu
1967 3495 2004 3558 et

547 3619 722 3691 bonorum
755 3635 904 3709 operum
937 3619 974 3683 et
1006 3607 1143 3707 gratiae
1176 3606 1311 3706 plenus,
1344 3612 1390 3684 ab
1424 3611 1574 3687 infantia
1607 3613 1644 3686 in
1678 3613 1783 3690 saeris
1819 3616 1933 3692 literis
1966 3628 2003 3691 et

548 3746 746 3823 monasticis
775 3742 965 3842 disciplinis
995 3740 1164 3815 eruditus.
1216 3739 1259 3813 In
1288 3741 1456 3839 Angliam
1485 3769 1567 3818 eum
1597 3746 1718 3844 paucis
1745 3748 1915 3825 fratribus
1942 3749 2003 3823 ad-

548 3881 702 3962 veniens,
736 3902 759 3951 a
786 3899 871 3973 rege
900 3872 1138 3947 Orientalium
1171 3871 1353 3946 Saxonum
1384 3874 1570 3974 sigeberto
1603 3878 1796 3954 honorifice
1826 3879 2003 3979 susceptus

547 4014 604 4096 est,
635 4010 698 4085 ubi
726 4008 764 4081 in
793 4003 1076 4102 Knoberelburg,
1103 4000 1270 4102 permiffu
1309 4006 1403 4104 regis
1430 4007 1616 4106 Sigeberti,
1642 4011 1891 4086 monasterium
1920 4036 2003 4086 oon-

548 4140 683 4226 struxit
713 4137 809 4237 quod
841 4134 1062 4234 postmodum
1094 4135 1200 4208 Anna
1227 4134 1302 4231 ejus
1334 4137 1536 4235 provinciae
1565 4165 1630 4215 rex
1659 4143 1827 4218 aedificiis
1856 4154 1894 4218 et
1925 4145 2002 4242 pos-

548 4272 749 4349 sellionibus
782 4294 855 4344 nou
887 4267 1025 4343 modice
1055 4265 1164 4339 auxit.
1228 4265 1360 4342 Curam
1395 4271 1596 4345 monasterii
1630 4272 1732 4347 fratri
1766 4275 1827 4348 suo
1853 4275 2001 4351 Folluno

547 4407 693 4482 tandem
731 4398 911 4486 oommilit,
950 4410 987 4473 et
1024 4423 1106 4472 eum
1148 4398 1262 4473 altero
1298 4397 1409 4476 fratre
1448 4402 1605 4479 Vultano
1638 4430 1771 4479 annum
1812 4407 2000 4506 integrum,

548 4534 764 4638 quotidianis
796 4533 918 4607 vivens
956 4529 1146 4615 laboribus
1187 4528 1224 4601 in
1266 4554 1386 4608 eramo
1424 4536 1572 4635 peregit.
1638 4537 1830 4612 Turbatam
1873 4539 2001 4614 deinde

546 4667 741 4746 incursione
769 4667 930 4766 gentium
959 4663 1084 4737 ridens
1112 4660 1340 4761 provinciam,
1370 4664 1408 4738 in
1436 4665 1590 4740 Galbam
1623 4668 1813 4767 navigavit
1842 4668 1904 4743 ubi
1933 4694 2001 4767 ope

549 4799 754 4879 Erlrelvaldi
779 4796 924 4872 Patrieii
951 4794 1173 4871 Latiniaoum
1198 4794 1446 4870 monasterium
1471 4796 1672 4871 construxit.
1715 4797 1872 4873 Tandem
1893 4799 2001 4873 mori·
