4448 5964
552 499 571 559 4
950 503 1016 569 DE
1050 500 1395 572 SCRIPTORIBUS
1427 503 1596 571 SCOTIS.

543 709 630 782 pore
647 685 805 762 Joannes
829 704 1066 789 cognomento
1089 703 1127 769 et
1151 694 1295 769 natione
1321 693 1457 780 Scotus,
1483 704 1520 769 et
1545 689 1715 769 Claudius
1739 692 1913 783 Clemens,
1939 695 2009 794 qui

544 845 627 894 cum
651 821 696 894 D.
718 821 818 898 Beda
842 823 988 900 Graecis
1012 836 1050 900 et
1071 824 1207 915 latinis
1230 825 1514 924 literisoperem
1538 835 1768 914 navavemmt,
1787 826 1826 900 in
1847 826 2007 904 Galliam

544 950 823 1050 proficiscuntur,
853 952 916 1029 ubi
940 956 1106 1032 Clemens
1131 967 1168 1031 et
1192 956 1350 1032 Joannes
1375 958 1512 1044 Seotus,
1540 957 1609 1031 viri
1633 956 1830 1033 sacetillimi
1856 958 2006 1058 ingenii.

546 1085 584 1159 in
617 1085 761 1183 publico
802 1087 879 1162 soro
913 1088 1076 1163 Lutetiae
1118 1089 1356 1165 eruditionem
1388 1090 1486 1165 suam
1528 1090 1694 1166 omnibus
1725 1090 1888 1166 venalem
1920 1115 2004 1190 pro-

545 1215 747 1313 posuenmt.
798 1218 854 1292 De
882 1218 988 1318 hujus
1016 1219 1154 1318 scriptis
1182 1220 1281 1295 nulla
1309 1223 1357 1299 ad
1385 1223 1520 1299 nostras
1546 1247 1673 1300 manus
1704 1247 1908 1322 pervenere,
1937 1222 2002 1298 nili

546 1350 641 1446 quod
665 1350 782 1425 suerat
807 1351 863 1425 vir
886 1352 1046 1427 eruditus
1070 1363 1108 1427 et
1132 1352 1213 1451 pius
1236 1353 1473 1431 concionator.

951 1648 1018 1723 DE
1043 1648 1259 1723 DANIELE
1283 1649 1541 1725 VIENTANO.

546 1883 698 1958 Damna
723 1883 959 1968 annauua
984 1879 1170 1979 Madulphi
1195 1879 1294 1956 Senti
1318 1905 1437 1980 nepos,
1462 1892 1500 1958 et
1524 1881 1716 1980 aliquando
1740 1877 1939 1978 discipulus,
1961 1880 2000 1952 in

547 2015 736 2090 Iethiania
759 2035 869 2112 prope
895 2011 1066 2087 Mereiam
1091 2011 1270 2097 oriundus,
1300 2013 1473 2089 natalium
1497 2013 1682 2113 splendore
1711 2012 1837 2098 clarus.
1863 2010 1919 2085 vir
1944 2010 1999 2086 in-

546 2146 652 2246 genio
692 2169 852 2244 magnus,
885 2155 923 2218 et
955 2142 1121 2242 politiore
1154 2143 1341 2220 literatura
1372 2144 1541 2233 imbutus,
1583 2145 1660 2245 post
1692 2144 1809 2219 varias
1841 2143 2000 2242 peregri·

547 2277 709 2352 nationes
741 2276 779 2349 in
813 2274 945 2351 exteris
985 2273 1191 2374 regionibus
1222 2273 1406 2376 susceptas,
1447 2277 1626 2353 Adhelmo
1667 2286 1901 2352 conterraneo
1934 2273 1997 2351 suo

545 2406 638 2482 fidus
671 2407 827 2482 Achates
855 2415 893 2480 et
919 2403 1034 2482 socius
1061 2416 1148 2493 erat,
1182 2406 1220 2479 in
1252 2405 1398 2487 scientia
1431 2410 1697 2510 Scripturarum
1726 2408 1915 2509 diligenter
1944 2407 1998 2482 in·

546 2540 720 2626 lirnt'cus3
757 2538 833 2638 post
872 2538 989 2613 factus
1026 2536 1207 2638 episcopus
1240 2539 1537 2620 Lindisfernenfis.
1599 2538 1807 2640 Conscriplit
1843 2537 1998 2639 plurima

547 2672 645 2748 lestu
679 2671 795 2772 digna,
828 2671 958 2771 quibus
989 2670 1091 2746 Beda
1121 2670 1160 2746 in
1192 2672 1461 2752 concinnatione
1493 2674 1576 2752 suae
1609 2671 1773 2752 historiae
1801 2669 1999 2771 plurimum

546 2806 723 2881 utebatur.
774 2802 918 2903 Scripsit

696 2936 887 3012 Historiam
912 2934 1067 3010 Marciae
1092 2944 1129 3009 et
1154 2933 1441 3017 Northumbriae.

694 3064 911 3143 Australium
936 3068 1118 3143 Saxonum
1143 3068 1216 3144 Res
1239 3070 1361 3169 gestas

695 3200 818 3274 Vitam
842 3199 983 3274 ceddae
1007 3199 1104 3299 apud
1128 3199 1262 3275 Piston.

693 3330 737 3403 In
762 3329 910 3405 Obitum
934 3329 1103 3404 Adhelmi
1127 3333 1360 3423 conterranei,
1386 3334 1447 3409 lib.
1472 3355 1497 3408 1.

695 3463 755 3536 Ad
779 3446 949 3560 Virginea
970 3462 1098 3537 Sacrae
1122 3463 1305 3560 Epistolas.

546 3599 594 3673 Et
618 3595 689 3671 alia
714 3620 804 3695 quae
826 3618 897 3670 non
921 3595 1109 3670 habentur.
1160 3593 1217 3667 Ex
1236 3595 1304 3671 hac
1324 3596 1399 3673 vita
1422 3596 1589 3697 migravit
1610 3619 1704 3672 anno
1727 3594 1825 3695 pacis
1845 3618 1994 3696 evange·

545 3731 633 3806 licae
660 3730 743 3815 746,
768 3737 940 3826 regnante
964 3727 1003 3800 in
1027 3726 1148 3805 Scotia
1171 3726 1327 3805 Ethfino.

1133 4024 1200 4099 DE
1224 4024 1404 4100 BARRO.

546 4262 705 4335 Bassus
725 4258 869 4333 natione
885 4255 1022 4342 Scotus,
1040 4280 1086 4330 ex
1106 4254 1217 4330 nobili
1238 4266 1275 4330 et
1296 4258 1420 4334 illustri
1439 4256 1575 4333 familia
1595 4255 1775 4342 oriundus,
1797 4255 1835 4328 in
1851 4253 1992 4329 Murth·

545 4391 666 4468 letenfi
700 4387 841 4465 ecclelia
868 4391 915 4464 ad
951 4387 1225 4487 septentrionem
1257 4411 1281 4462 a
1312 4385 1445 4462 teneris
1479 4382 1582 4459 annis
1614 4383 1653 4456 in
1684 4381 1787 4459 bonis
1815 4381 1928 4456 literis
1953 4390 1990 4454 et

543 4524 702 4600 moribus
731 4521 917 4607 institutus,
948 4519 985 4594 in
1016 4518 1148 4594 Huenfi
1176 4517 1290 4593 insula
1316 4518 1433 4594 sacius
1459 4517 1508 4591 est
1536 4503 1740 4591 monachus.
1794 4512 1919 4588 Postea
1951 4512 1990 4585 in

543 4656 754 4732 Hiberniam
781 4652 1035 4739 transfretavit,
1065 4651 1186 4751 ibique
1216 4651 1388 4750 plurimos
1415 4650 1453 4725 in
1477 4648 1675 4724 Christiana
1702 4645 1874 4746 religione
1903 4643 1990 4718 titu-

543 4793 669 4867 bantes
693 4799 730 4863 et
759 4785 964 4862 vacillantes
988 4785 1026 4861 in
1047 4809 1132 4862 vera
1153 4783 1281 4866 Chrilli
1312 4785 1383 4859 fide
1407 4781 1649 4860 confirmavit:
1674 4780 1793 4880 postea
1818 4779 1856 4854 iu
1879 4776 1989 4877 patri
