4448 5964
669 503 735 570 Dr:
769 502 1115 570 SCRIPTORIBUS
1151 502 1319 569 SCO'I'IS.
1674 506 1719 586 37

265 692 462 779 tradiderit,
496 702 533 767 et
566 690 675 765 dubio
714 690 849 790 procul,
888 700 930 765 ut
970 689 1087 788 inquit
1129 690 1221 765 alius
1262 689 1368 776 testis,
1401 689 1641 791 philosophica
1687 701 1724 765 et

264 824 392 900 ethica
459 823 545 922 Ejus
583 822 692 898 etiam
728 820 918 921 praeconia
954 820 1040 896 olim
1076 821 1304 921 proferebant
1342 822 1515 908 Paterius,
1561 822 1724 920 Gregorii

265 957 388 1055 Magni
417 954 614 1053 discipulus,
644 979 686 1028 aa
715 953 900 1052 Remigius
929 950 1207 1029 Altiliodorenfis
1246 954 1285 1027 in
1323 954 1589 1030 Commentario
1622 954 1724 1052 super

266 1088 419 1162 eundem
447 1085 641 1161 Sedulium.
692 1085 819 1161 Clarus
842 1084 911 1159 fuit
936 1085 974 1158 in
1000 1084 1105 1159 Italia
1129 1086 1349 1184 temporibus
1374 1084 1556 1161 Theodosii
1582 1086 1725 1185 posteri·

266 1222 341 1306 bus,
370 1219 423 1297 ait
453 1217 629 1293 Heurieus
655 1219 700 1292 de
727 1216 900 1291 Erfordia
963 1216 1115 1292 Sordere
1150 1217 1293 1292 diritate
1326 1218 1579 1293 Mahometana
1613 1218 1724 1293 Grae-

266 1352 358 1427 riam
386 1347 583 1450 opprellam
611 1374 685 1424 non
713 1346 795 1435 finit
823 1347 965 1422 Coelius
994 1347 1168 1434 Sedulius,
1198 1349 1315 1446 inquit
1345 1349 1571 1446 Dempsterus
1597 1349 1721 1423 noster.

267 1483 483 1559 Trithemius
511 1507 557 1557 ex
586 1482 774 1581 Sigeberto
800 1481 911 1555 refert
944 1505 1027 1555 eum
1054 1479 1293 1580 episcopatum
1325 1479 1458 1581 geffiffe
1487 1481 1627 1567 alicubi,
1664 1481 1724 1556 sed

268 1641 398 1691 nomen
427 1615 496 1690 loci
529 1639 602 1689 non
634 1615 684 1690 est
718 1623 938 1688 annotatum.
989 1610 1133 1711 Soripfit
1165 1624 1286 1687 autem
1321 1624 1357 1686 et
1391 1622 1506 1686 metro
1540 1623 1577 1686 et
1610 1612 1723 1689 soluta

267 1749 427 1823 oratione
452 1748 557 1847 plura
579 1745 755 1845 opuscula,
781 1745 975 1844 dequibus
999 1746 1095 1844 apud
1123 1744 1316 1820 Bostonum
1342 1745 1559 1831 Buriensem,
1585 1758 1622 1821 et
1648 1747 1723 1820 Tri-

267 1881 452 1965 themium,
470 1905 512 1954 ao
530 1879 690 1965 Baleum,
708 1878 865 1977 subjecta
880 1887 1022 1953 tantum
1038 1878 1165 1976 reperi.

415 2011 473 2085 Ad
505 2010 754 2085 Macedonium
789 2010 968 2084 Abbatem
1010 2033 1100 2107 opus
1141 2006 1282 2107 infigne,
1314 2009 1420 2106 juxta
1455 2006 1579 2082 seriem
1613 2011 1723 2083 totius

464 2142 659 2240 Evangelii,
710 2142 805 2239 quod
854 2141 1078 2240 praenotavit
1128 2143 1281 2216 Carmen
1331 2140 1508 2226 Paschale,
1556 2143 1615 2216 lib.
1669 2165 1720 2216 ru.

463 2274 622 2348 metrice.

417 2408 472 2481 De
490 2405 608 2504 Signis
624 2416 661 2480 et
678 2405 890 2489 Virtutibus,
908 2404 968 2480 lib.
987 2426 1011 2476 1.

414 2538 520 2614 Gesta
536 2548 574 2611 et
590 2537 764 2611 Miraoula
783 2536 920 2622 Christi,
938 2536 998 2610 lib.
1016 2556 1069 2607 rr.

415 2670 530 2768 Super
546 2680 699 2768 utroque
717 2668 947 2753 Testamento,
964 2667 1024 2742 lib.
1043 2690 1083 2740 11.

412 2803 457 2877 In
473 2800 631 2877 Psalmos
648 2799 846 2885 Datidicos,
864 2799 924 2875 lib.
943 2821 967 2873 1.

416 2933 646 3009 Colledtanea
662 2931 700 3006 in
717 2932 878 3018 Paulum,
896 2931 957 3007 lib.
975 2951 1056 3005 ΧΠ.

418 3069 462 3142 In
478 3065 631 3141 Paulum
647 3066 695 3139 ad
711 3066 901 3151 Romanos,
918 3063 979 3138 lib.
996 3085 1022 3136 1.

415 3198 473 3273 Ad
490 3197 702 3283 Corinthios
720 3196 780 3271 lib.
798 3218 839 3269 11.

416 3330 475 3404 Ad
491 3329 648 3416 Galatas,
664 3329 725 3403 lib.
743 3350 768 3402 1.

414 3461 473 3535 Ad
490 3457 666 3573 Ephelios,
683 3458 744 3534 lib.
762 3480 788 3531 1.

414 3594 473 3668 Ad
489 3591 740 3690 Philippenses,
757 3591 818 3665 lib.
836 3612 860 3663 1.

417 3725 475 3798 Ad
490 3720 714 3810 Cololienses,
731 3723 792 3798 lib.
813 3744 838 3795 1.

275 3886 280 3895 ’
413 3857 472 3931 Ad
488 3853 814 3941 Thelialonioenses,
831 3854 892 3929 lib.
909 3875 950 3927 11.

416 3988 474 4061 Ad
490 3985 726 4073 Timotheum,
743 3985 803 4060 lib.
821 4006 862 4059 11.

413 4118 472 4191 Ad
488 4116 609 4192 Titum
625 4115 843 4216 discipulum,
860 4116 920 4191 lib.
939 4138 963 4189 1.

414 4250 472 4324 Ad
488 4249 746 4337 Philemonem,
761 4249 822 4324 lib.
841 4270 865 4322 1.

414 4380 472 4454 Ad
490 4380 683 4466 Hebraeos,
700 4379 761 4454 lib.
779 4401 805 4453 1.

414 4511 469 4586 De
485 4512 608 4589 Fae'ais
624 4512 762 4598 Christi,
779 4510 943 4610 prosaice,
960 4509 1022 4584 lib.
1043 4531 1084 4583 11.

330 4704 333 4711 .
416 4646 475 4719 Ad
491 4645 677 4722 Caesarem
692 4641 933 4730 Theodolium,
951 4642 1011 4717 lib.
1029 4662 1053 4713 s

413 4777 708 4855 Exhortatorium
724 4777 771 4851 ad
787 4776 936 4862 Fideles,
952 4774 1013 4850 lib.
1030 4794 1056 4846 1.
