4448 5964
457 1433 727 1550 LECTORI,
764 1433 817 1530 sl
847 1432 984 1546 QUIS
1014 1431 1169 1548 ERIT,
1206 1431 1495 1529 SALUTEM.

258 1808 313 1888 Is
347 1821 465 1892 tanta
497 1813 673 1921 penuria
702 1813 974 1922 antiquorum
1003 1814 1056 1894 de
1095 1840 1140 1894 re
1174 1811 1377 1894 litteraria
1410 1820 1552 1892 nostra
1579 1810 1705 1919 scrip

257 1956 407 2045 torum,
437 1947 552 2031 haud
582 1961 739 2032 temere
764 1950 1015 2060 rejiciendus
1044 1960 1107 2033 est
1136 1949 1275 2031 David
1303 1948 1594 2044 Buchananus,
1620 1947 1705 2028 sive

256 2085 446 2193 quisquis
474 2087 604 2170 fuerit
623 2089 697 2198 qui
716 2086 843 2170 libros
870 2086 994 2170 hosce
1014 2090 1119 2170 duos
1149 2087 1269 2169 nobis
1289 2085 1472 2196 reliquit.
1531 2085 1704 2168 Etenim

254 2222 308 2304 de
344 2234 515 2307 'auctore
552 2226 776 2307 nonsatis
814 2237 1002 2321 constat3
1052 2252 1202 2334 nempe
1239 2224 1502 2307 doctissimus
1542 2222 1703 2304 Ruddi-

252 2388 442 2462 mannus
473 2363 584 2446 inter
616 2364 800 2446 virorum
836 2365 1056 2446 doctorum
1089 2364 1142 2445 de
1176 2362 1338 2445 Gavino
1367 2360 1598 2470 Duglassio,
1632 2388 1705 2442 an-

252 2498 385 2583 tistite
424 2501 727 2600 Dunkeldensi,
775 2502 1025 2601 testimonia,
1072 2500 1174 2583 haec
1220 2501 1443 2582 memoriae
1490 2499 1703 2609 prodidit:
1748 2528 1751 2532 ·

253 2649 275 2684 “
294 2636 359 2719 De
386 2637 506 2722 claris
535 2641 665 2723 Scotis
684 2640 773 2722 MS.
804 2641 1002 2749 anonymi
1022 2639 1145 2736 Scoti,
1173 2667 1227 2720 an
1251 2638 1424 2721 Davidis
1455 2637 1701 2720 Buohanani

251 2802 305 2856 an
339 2776 581 2860 Archihaldi
615 2778 788 2876 Simson,
822 2779 1066 2861 incertum.”
1135 2777 1252 2859 Haec
1285 2775 1368 2875 ille,
1400 2805 1511 2859 anno
1544 2775 1702 2859 soilioet

255 2919 385 3007 1710;
426 2916 500 2998 sed
537 2916 726 3026 quinque
763 2928 858 3025 post
894 2944 1036 3014 annos,
1074 2943 1208 3025 quum
1245 2915 1414 3024 Georgii
1453 2913 1700 2997 Buohanani

251 3079 375 3160 opera
413 3054 457 3135 in
490 3053 629 3137 lucem
667 3054 819 3153 ederet,
858 3056 911 3137 de
944 3053 1120 3165 pristina
1158 3052 1367 3135 sententia
1404 3051 1541 3163 plane
1561 3054 1701 3136 deces-

249 3202 369 3271 serat.
425 3192 549 3274 Tunc
577 3193 690 3275 enim
710 3193 799 3274 sine
818 3191 907 3275 ulla
931 3191 1193 3274 dubitatione
1213 3202 1425 3273 auctorem
1444 3191 1699 3301 designavit:

249 3328 437 3410 “David
475 3329 757 3435 Buchananus
796 3333 850 3413 de
878 3331 998 3414 claris
1037 3329 1239 3412 Doctrina
1277 3328 1420 3431 Scotis,
1451 3328 1538 3411 MS.
1571 3348 1710 3438 penes‘

248 3466 300 3549 D.
335 3468 568 3551 Robertum
598 3469 852 3569 Sibbaldum,
886 3471 945 3552 M.
981 3469 1033 3551 D.
1068 3469 1270 3578 Equitem
1300 3468 1546 3549 Auratum.”
1614 3467 1698 3550 Hic

247 3606 389 3704 codex,
419 3607 538 3690 nobis
565 3606 671 3691 liber
690 3607 807 3706 alter,
836 3609 880 3690 in
899 3609 1209 3690 Advocatorum
1228 3604 1489 3688 Bibliotheca
1510 3617 1696 3707 servatus

248 3755 336 3842 est.
350 3772 446 3827 cum
473 3745 553 3828 hac
581 3747 862 3856 inscriptione,
886 3774 1026 3843 manu,
1055 3746 1120 3826 uti
1148 3745 1325 3843 videtur,
1345 3743 1537 3828 Gualteri
1556 3745 1695 3827 Good-

247 3880 346 3980 allii‚
392 3885 469 3965 viri
508 3885 552 3965 in
589 3885 875 3966 monumentis
922 3896 1101 3966 nostrae
1134 3883 1272 3992 gentis
1310 3882 1385 3965 diu
1428 3882 1695 3991 multumque

246 4022 422 4104 versati:
467 4023 667 4104 “Auctor
700 4022 827 4132 hujus
860 4021 992 4104 libelli
1022 4023 1076 4104 de
1108 4021 1385 4131 Scriptoribus
1418 4021 1549 4103 Scotis
1579 4019 1696 4103 illus-

246 4160 380 4242 tribus
400 4172 463 4243 est
482 4160 620 4243 David
639 4160 957 4243 Buohananus.”
1015 4159 1160 4242 Codex
1178 4160 1348 4268 primus,
1377 4187 1400 4241 e
1429 4157 1691 4244 Bibliotheca

245 4298 502 4397 Academica,
549 4299 658 4381 hanc
704 4299 1016 4408 inscriptionem
1064 4309 1304 4380 renovatam
1351 4324 1449 4407 prae
1496 4325 1540 4381 se
1586 4299 1691 4383 fert:

245 4446 266 4487 “
294 4434 377 4519 Mr.
406 4436 545 4517 David
571 4435 813 4519 Buohanan.
845 4436 897 4519 V.
925 4437 969 4518 P.
1003 4435 1119 4518 auth.
1148 4434 1219 4516 lib.
1250 4436 1303 4517 de
1333 4435 1438 4518 Aria.
1470 4448 1534 4519 est
1563 4436 1691 4548 hujus

244 4571 333 4653 MS.
373 4572 560 4655 author.”
629 4574 743 4664 Quid
781 4575 857 4656 sibi
897 4574 999 4657 velit
1035 4573 1087 4656 V.
1118 4573 1162 4654 P.
1202 4573 1281 4655 nisi
1319 4574 1428 4656 forte
1474 4574 1530 4656 sit
1575 4576 1692 4658 Verbi

244 4714 407 4809 Praeco,
435 4711 550 4794 haud
579 4711 698 4795 facile
727 4713 928 4808 dixerim;
968 4741 1053 4796 non
1083 4710 1253 4795 aliunde
1286 4723 1427 4796 tamen
1456 4712 1693 4803 audirimus
