4470 5962
657 554 722 619 DE
762 554 1104 626 SCRIPTORIBUS
1142 562 1308 630 SGOTIS.
1698 576 1741 658 17

282 746 392 824 tutus,
437 738 531 813 unde
569 739 751 838 progrelsu
779 744 949 842 temporis
982 747 1105 822 rhetor
1143 749 1284 850 inlignis
1317 753 1432 839 evafit,
1474 768 1511 832 et
1553 761 1734 859 utriusque

284 869 435 967 linguae,
462 881 499 944 et
525 871 683 947 Graecae
710 884 746 947 et
771 874 928 963 Latinae,
952 877 1185 976 peritillimus‚
1208 883 1297 959 adeo
1320 897 1361 959 nt
1390 885 1527 987 saepius
1548 892 1643 989 apud
1668 893 1735 968 Ca-

283 1002 400 1075 rolum
435 1002 609 1089 Quintum
648 1004 898 1103 imperatorem
937 1020 973 1083 et
1015 1011 1102 1086 alios
1140 1012 1353 1090 Christianos
1389 1019 1565 1117 principes
1599 1021 1735 1097 summa

283 1159 364 1207 oum
391 1136 604 1212 dexteritate
621 1139 772 1212 oratoris
788 1164 918 1215 munus
934 1143 1059 1218 obiret.
1112 1143 1253 1242 Scripsit

432 1266 567 1342 Contra
582 1267 786 1343 Calumnias
802 1271 977 1346 Coohlaei.

432 1401 633 1500 Apomaxin
649 1427 714 1500 pro
732 1404 840 1502 Rege,
859 1404 918 1479 lib.
936 1427 961 1479 1.

433 1535 488 1609 De
505 1536 654 1610 Damnis
670 1560 715 1610 ex
733 1536 950 1623 Rebellione,
968 1538 1028 1613 lib.
1046 1559 1071 1610 1.

432 1663 605 1741 Remedia
620 1680 745 1742 contra
761 1669 988 1756 Seditionem,
1006 1670 1065 1744 lib.
1083 1691 1109 1742 r.

430 1796 502 1871 Pro
518 1798 665 1872 'luenda
681 1799 811 1874 Patria.

432 1928 609 2003 Adversus
625 1930 878 2016 Proditionem,
896 1932 956 2007 lib.
974 1954 998 2004 1.

433 2059 623 2135 Historiam
640 2063 776 2135 Rerum
792 2063 967 2161 gestarum
985 2062 1141 2150 Henrioi,
1159 2064 1219 2139 lib.
1238 2087 1261 2137 1.

431 2190 602 2290 Epistolas
618 2193 664 2267 ad
681 2194 842 2268 diversos.

283 2322 472 2399 lrmnstulit
488 2325 525 2399 in
543 2325 733 2423 Anglioum
750 2324 954 2412 sermonem,

432 2455 600 2556 Symbola
616 2455 783 2532 Ludovici
800 2456 908 2530 Vivis.

432 2589 694 2688 stratagemate
710 2588 818 2662 etiam
834 2588 1020 2674 transtulit,

282 2736 390 2823 atque
423 2722 493 2798 alia
525 2721 647 2805 multa,
680 2719 837 2793 nondum
870 2720 908 2794 in
937 2719 1053 2795 lucem
1083 2723 1188 2798 edita.
1249 2723 1305 2797 Ex
1339 2726 1444 2801 ltalia
1477 2728 1624 2812 rediens
1652 2755 1733 2829 per·

283 2857 380 2933 venit
415 2857 703 2954 Argentoratum,
747 2877 840 2926 anno
878 2853 1023 2926 Domini
1054 2859 1161 2942 1556,
1192 2857 1267 2955 [et]
1301 2858 1346 2934 17
1382 2859 1438 2933 die
1474 2861 1594 2935 Martii
1632 2864 1729 2950 obiit,

283 2989 367 3063 dum
385 3014 449 3089 per
464 2989 720 3087 gubernatores
735 2996 772 3059 et
789 2985 985 3084 interreges
1002 2985 1122 3062 Scotia
1136 2989 1405 3086 gubernaretur.

729 3283 795 3355 DE
819 3281 1011 3357 JOANNE
1036 3279 1260 3357 LESLAEO.

282 3525 457 3598 Jonurrns
479 3519 684 3602 Lmnrnua
701 3537 831 3613 genere
854 3523 892 3588 et
914 3514 1057 3590 natione
1078 3512 1213 3599 Suetus,
1240 3537 1285 3588 ex
1308 3514 1418 3591 nobili
1447 3526 1484 3590 et
1511 3518 1732 3614 praevetusta

283 3655 504 3732 Iollaeorum
532 3649 667 3726 familia
696 3647 870 3745 originem
902 3646 1043 3730 ducens
1074 3655 1151 3718 erat
1180 3644 1253 3743 ipse
1282 3654 1360 3719 tum
1390 3672 1520 3746 genere
1549 3648 1665 3724 clarus
1693 3662 1731 3725 et

283 3786 490 3869 eruditione,
525 3781 587 3857 nifi
622 3780 716 3879 quod
746 3779 850 3852 nimis
879 3776 1068 3877 pontificiis
1103 3775 1232 3851 ritibus
1260 3776 1410 3852 deditus.
1471 3781 1514 3855 In
1541 3780 1730 3878 juventute

282 3929 470 4020 parentum
509 3939 595 3989 eura
627 3913 685 4011 pie
722 3920 759 3985 et
791 3911 901 4009 probe
934 3909 1113 3994 educatus,
1147 3906 1328 4008 progrellu
1361 3911 1530 4009 temporis
1565 3911 1654 3988 adeo
1693 3913 1729 3988 in

282 4051 463 4151 theologia
489 4047 648 4146 profecit,
688 4055 729 4118 ut
762 4042 808 4118 ad
841 4041 1079 4141 episcopatum
1115 4038 1317 4117 Rollensem
1350 4041 1391 4117 fit
1425 4046 1579 4119 evettus.
1643 4043 1731 4120 Erat

284 4189 393 4263 etiam
425 4183 561 4260 Mariae
596 4179 755 4277 Reginae
784 4204 806 4252 a
833 4176 985 4261 seeretis,
1019 4172 1207 4271 aliquoties
1240 4183 1361 4250 orator
1397 4173 1627 4251 sereniffimae
1666 4179 1736 4253 Re·

282 4321 386 4420 ginae
402 4314 641 4392 Elimbetbae.
692 4310 850 4386 'landem
867 4309 1020 4383 Romam
1035 4304 1215 4404 religionis
1231 4330 1316 4405 ergo
1332 4305 1444 4405 petiit.
1496 4308 1638 4408 Sariplit

431 4445 552 4523 Animi
565 4442 698 4518 afflicti
714 4440 985 4526 Consolationes,
1002 4438 1063 4513 lib.
1081 4457 1105 4510 1.

430 4576 551 4655 Animi
568 4572 763 4671 Tranquilli
780 4571 962 4656 Remedia,
979 4569 1036 4645 lib.
1056 4590 1080 4642 1.

430 4712 485 4785 De
503 4709 658 4806 Origine,
675 4705 843 4790 Moribus,
861 4715 899 4777 et
915 4703 1028 4778 Gestis
1044 4701 1240 4784 Sootorum,
1258 4699 1317 4773 lib.
1335 4719 1373 4774 x.

430 4842 502 4916 Pro
517 4840 607 4913 Juro
625 4834 838 4914 Serenillrmi
856 4834 965 4933 Regis
980 4833 1106 4910 Jacobi
1123 4831 1234 4907 Sexti.
