4448 5964
789 535 856 603 Du
879 534 1225 605 SCRIPTORIBUS
1249 535 1420 603 SCOTIS.

526 728 582 802 De
599 725 787 825 Regiminc
805 726 1004 800 Acutarum
1020 723 1306 824 Aegritudinum.

528 861 718 937 Tradimus
733 859 778 934 dc
795 857 1039 958 Prognosticie

528 995 717 1070 tractatus
734 993 779 1068 dc
797 991 928 1067 Uriuia

528 1126 718 1201 Tractatus
733 1125 778 1199 de
795 1121 953 1198 Cautelis
969 1122 1173 1197 Urinarum.

528 1257 685 1332 Libellus
700 1257 745 1331 de
762 1253 932 1331 Pultibus.

528 1389 693 1488 Ejusdem
716 1389 906 1464 'l'radtatus
928 1387 973 1462 dc
998 1383 1272 1462 conservatione
1297 1382 1404 1457 Vitae
1431 1382 1629 1468 Humanae,
1655 1408 1679 1457 a
1700 1383 1758 1459 die
1781 1408 1846 1460 ua-

577 1522 728 1597 tivitatie
752 1520 861 1620 usquc
890 1521 937 1596 ad
964 1519 1128 1595 ultimam
1155 1518 1281 1593 horam
1306 1515 1441 1603 mortis,
1472 1538 1567 1591 nunc
1595 1516 1740 1593 demum
1770 1516 1847 1594 edi·

577 1666 637 1732 tus
653 1679 760 1754 opere
778 1654 822 1729 D.
839 1652 1019 1729 Joacbimi
1034 1647 1198 1736 Bandibi
1215 1645 1359 1746 lipsiae,
1378 1648 1485 1726 1570.

380 1785 535 1886 Reliqua
563 1785 683 1864 omnic
709 1788 829 1885 Opera
854 1782 983 1860 excusa
1010 1783 1092 1859 liunt
1116 1779 1278 1857 Venetiia
1308 1783 1415 1856 1498.
1478 1778 1583 1855 Hisce
1610 1779 1693 1857 saue
1719 1805 1848 1857 monn·

379 1918 510 1994 mentis
543 1915 813 2018 exquisitillimis
845 1927 882 1992 et
916 1913 1097 1991 communi
1131 1913 1316 1990 hominum
1354 1912 1467 2000 soluti,
1502 1924 1540 1989 et
1575 1914 1630 1991 rei
1664 1913 1847 1991 literariae

381 2050 635 2137 commoditati,
663 2048 834 2149 simulque
865 2048 1031 2149 propriae
1063 2047 1188 2133 samm,
1217 2042 1439 2142 nominisque
1468 2043 1700 2123 celebrationi
1736 2055 1848 2145 etque

381 2182 653 2270 immortalitati,
683 2181 736 2257 ita
762 2180 960 2259 consultum
992 2179 1088 2268 secit,
1114 2188 1158 2254 ut
1176 2177 1260 2276 jure
1289 2176 1475 2253 dubitetur
1501 2187 1624 2255 utrum
1652 2177 1848 2278 praeclaris

381 2314 515 2415 ingenii
540 2316 693 2402 dotibus,
717 2339 763 2391 an
785 2338 870 2390 vero
894 2313 970 2412 ipsa
990 2323 1140 2389 naturae
1165 2308 1336 2395 bonitate,
1360 2309 1441 2407 plue
1463 2311 1508 2387 de
1534 2310 1693 2388 humano
1713 2336 1848 2413 genere

381 2448 628 2545 promeruerit.
677 2446 817 2525 Glarmt
832 2471 927 2523 anno
943 2445 1080 2545 gradec
1097 2447 1206 2541 1498,
1222 2441 1286 2519 sub
1301 2440 1439 2521 Jecobo
1456 2443 1595 2532 Quarto
1611 2444 1813 2523 Saoterum

812 2744 878 2818 DE
903 2741 1091 2818 GAVINO
1116 2740 1405 2817 DOUGLASIO.

384 2977 565 3052 Gonnus
606 2975 860 3063 nocensne,
903 2973 1097 3073 Episcopus
1137 2970 1405 3060 Dunkcldenfie,
1442 2972 1649 3051 clarissimae
1691 2976 1849 3055 familiae

383 3107 520 3196 Scotru,
551 3117 630 3185 crat
659 3107 756 3185 enim
784 3107 925 3184 comitis
950 3103 1126 3206 Angufiae
1151 3115 1311 3205 patrum,
1341 3131 1364 3181 a
1391 3107 1509 3206 prima
1532 3119 1651 3184 aetate
1676 3110 1713 3183 in
1744 3110 1852 3195 honio

382 3239 495 3316 literis
517 3241 716 3330 iustitutm3
740 3266 823 3316 cum
847 3240 944 3315 enim
969 3238 1088 3314 indole
1110 3234 1198 3313 esset
1220 3238 1412 3336 praeclara,
1435 3238 1621 3316 literarum
1643 3242 1850 3343 artiumque

382 3372 600 3471 optimarum
645 3371 767 3448 studiis
806 3398 830 3447 a
871 3371 1079 3471 perentibus
1123 3369 1355 3458 consecratus,
1399 3370 1606 3448 doeiffimis
1649 3375 1688 3448 in
1730 3374 1850 3452 schola

383 3504 500 3603 patria
522 3504 605 3582 usue
628 3506 678 3580 est
696 3504 996 3604 praeceptoribus,
1012 3503 1051 3578 iu
1074 3500 1239 3577 omnibus
1258 3502 1394 3603 pariter
1422 3502 1613 3604 disciplinis
1636 3516 1674 3581 et
1695 3505 1850 3584 scientiis

384 3638 520 3737 optime
551 3636 715 3725 versatim
750 3661 823 3714 non
851 3637 946 3712 levia
977 3631 1240 3734 praeclarissimi
1272 3643 1310 3711 ct
1335 3636 1440 3711 acuti
1473 3635 1606 3736 ingenii
1636 3650 1851 3738 argumenta

384 3770 558 3869 praebuit.
625 3770 744 3847 Homo
773 3768 934 3845 omnium
960 3767 1096 3867 judicio
1125 3765 1409 3866 elegantissima,
1438 3768 1680 3869 philosophiae
1713 3773 1851 3871 pariter

385 3914 424 3979 et
460 3901 662 4002 theologice
696 3901 817 3977 studiie
852 3900 987 3977 summe
1025 3897 1176 3985 deditus,
1210 3896 1363 3974 summos
1401 3901 1439 3975 in
1476 3912 1628 4002 utraque
1666 3905 1849 4005 sapientia,

385 4043 461 4109 tam
488 4034 609 4111 divina
633 4057 741 4132 quam
767 4033 934 4119 bumana,
960 4032 1114 4106 honores
1135 4052 1217 4103 cum
1242 4028 1347 4106 laude
1373 4029 1505 4106 ibidem
1528 4036 1745 4131 promeritus
1768 4036 1849 4112 fuit

386 4166 431 4241 Iu
453 4165 582 4242 divinia
605 4163 800 4265 scripturis
826 4163 930 4240 valde
956 4160 1126 4239 studiosus
1152 4170 1191 4235 et
1214 4159 1384 4249 eruditus,
1409 4171 1518 4262 atque
1542 4165 1579 4238 in
1602 4164 1750 4242 sectduri
1771 4168 1853 4268 phi.

388 4297 547 4397 losophia
572 4297 662 4375 nulli
683 4297 747 4373 suo
775 4307 937 4395 tempore
960 4293 1160 4379 sccundue3
1184 4290 1223 4366 in
1243 4301 1322 4366 arte
1344 4292 1453 4369 etiam
1476 4297 1618 4395 poetica
1645 4300 1771 4388 clarus,
1796 4301 1851 4377 in-

386 4432 493 4530 genio
519 4429 666 4519 subtilia.
693 4427 835 4528 cloquio
860 4426 1091 4512 scholasticus,
1117 4424 1193 4500 vita
1215 4435 1253 4501 et
1279 4425 1542 4536 conversatione
1566 4431 1716 4507 devotus
1740 4442 1852 4533 atquc

388 4559 647 4641 smeiffimus:
681 4559 737 4637 vir
764 4558 863 4635 omni
890 4557 1117 4634 scientiarum
1139 4581 1271 4657 genere
1297 4557 1558 4648 excultissimue,
1587 4564 1649 4662 qui
1675 4566 1722 4640 ob
1751 4562 1853 4641 lucu.

388 4695 578 4780 brationeo,
621 4715 713 4790 quae
754 4690 860 4790 quale
896 4687 1005 4766 fuerit
1042 4687 1137 4766 vitae
1173 4689 1250 4790 ejus
1282 4692 1499 4770 curriculum
1532 4693 1613 4772 satie
1652 4696 1849 4784 ostendunt,

388 4826 493 4904 citim
535 4822 766 4903 adunandus
806 4846 915 4923 quam
953 4821 1158 4912 imitandus.
1195 4820 1407 4924 tegumen
1444 4826 1656 4904 immortalis
1697 4829 1852 4905 nominis
