4448 5964
601 568 668 632 DE
702 565 1047 633 SCRIPTORIBUS
1082 566 1249 632 SCOTIS.
1619 568 1661 629 1⁵

209 766 251 831 ut
275 756 421 830 tandem
453 752 670 831 dodtiffimus
697 755 884 853 theologus
911 754 1068 829 evaserit.
1130 754 1294 839 Demum,
1324 765 1365 827 ut
1389 753 1498 850 aliqui
1529 752 1661 836 volunt,

211 889 259 962 est
291 913 315 962 a
345 886 535 983 pontificiis
576 888 622 960 ob
664 886 886 971 reformatae,
930 885 1153 959 Lutheranae
1194 885 1335 970 scilicet,
1370 884 1549 982 religionis
1581 909 1662 980 pro-

211 1017 389 1094 fessionem
431 1030 617 1103 crematus,
660 1029 768 1114 atque
807 1017 859 1091 ita
895 1028 1032 1114 martyr
1073 1013 1302 1092 sanstiffimus
1343 1017 1418 1113 post
1454 1016 1551 1089 varia
1589 1041 1663 1088 cer-

213 1151 348 1226 tamina
369 1175 410 1224 ac
432 1150 590 1246 pericula
611 1149 700 1223 obiit
721 1174 816 1223 anno
840 1152 946 1234 1535,
969 1147 1032 1222 sub
1051 1147 1187 1222 Jacobo
1208 1173 1291 1246 rege
1313 1148 1500 1220 Scotorum
1517 1147 1661 1232 Quinto.

662 1421 728 1515 nn
766 1442 991 1516 unsaros
1029 1443 1200 1515 nunno.

211 1679 414 1752 Uumamus
442 1674 599 1750 Hormus
626 1675 763 1759 Scotus
788 1697 833 1747 ex
858 1673 969 1747 nobili
994 1670 1203 1767 etantiqua
1228 1671 1440 1744 Humiorum
1465 1669 1599 1744 familia
1624 1671 1660 1741 in

210 1808 344 1883 Mercia
376 1806 554 1889 oriundus,
587 1803 788 1879 adolescens
817 1803 1058 1901 Andreapolin
1086 1802 1132 1876 ad
1164 1801 1275 1875 studia
1303 1801 1364 1876 fua
1392 1800 1606 1899 perficienda
1638 1827 1660 1873 a

210 1938 414 2037 parentibus
443 1937 492 2010 est
520 1934 649 2020 missus,
679 1936 741 2010 ubi
769 1936 919 2010 feliciter
948 1960 1093 2033 operam
1122 1945 1158 2008 et
1189 1932 1396 2008 industriam
1425 1933 1523 2008 suam
1553 1933 1659 2007 collo·

212 2071 316 2155 cavit,
333 2068 562 2164 animumque
579 2078 696 2141 totum
712 2067 869 2166 legendis
885 2067 1034 2141 historiis
1050 2067 1196 2140 addixit.
1248 2065 1390 2163 Scripsit

358 2197 574 2272 Confliaum
593 2198 687 2271 inter
705 2198 828 2272 Scotos
844 2209 881 2272 et
898 2200 1042 2297 Anglos,
1060 2199 1119 2273 lib.
1138 2220 1162 2271 1.

356 2330 413 2402 Ad
431 2328 574 2402 Merlini
591 2328 866 2402 Praedictiones,

213 2460 350 2536 Claruit
368 2485 463 2534 anno
480 2459 623 2533 Domini
643 2463 748 2544 1540,
766 2470 936 2558 regnante
952 2461 977 2533 J
978 2463 1088 2535 aoobo
1104 2461 1248 2548 Quinto.

619 2757 684 2829 DE
722 2756 949 2830 ROBERTO
987 2755 1245 2830 BRITANNO.

215 2988 420 3061 Ronnnnus
479 2985 714 3070 Bamnnnus,
768 2986 910 3082 proprie
965 2988 1141 3061 Bartanus
1183 2988 1309 3070 dictum,
1362 3011 1407 3060 er
1449 2988 1659 3063 Lauthiania

210 3116 361 3202 australi,
400 3126 437 3190 et
471 3116 709 3190 Bartanorum
743 3115 878 3190 familia
910 3116 1088 3201 oriundus,
1118 3119 1164 3190 ab
1192 3115 1267 3215 ipsa
1297 3117 1412 3192 statim
1441 3118 1593 3216 pueritia
1621 3121 1658 3194 in

208 3250 309 3327 bonis
337 3247 450 3321 literis
479 3249 670 3333 educatus;
696 3248 750 3320 vir
779 3249 816 3320 in
845 3246 952 3322 Musis
972 3248 1162 3347 praecipue
1193 3248 1459 3324 humanioribus
1493 3251 1659 3336 versatus,

210 3379 351 3478 infignis
379 3379 561 3453 literarum
591 3379 718 3464 fautor,
748 3390 889 3452 tantum
918 3378 1026 3452 etiam
1056 3379 1094 3452 in
1122 3379 1272 3455 aliarum
1298 3381 1428 3455 artium
1451 3383 1563 3458 studio
1579 3408 1659 3482 pro

208 3513 350 3596 fecerat,
379 3522 420 3583 ut
447 3509 498 3583 sui
527 3509 604 3584 aevi
631 3509 692 3581 vix
720 3509 884 3607 cuiquam
910 3509 1081 3585 secundus
1107 3511 1224 3585 fuerit.
1275 3512 1428 3590 Edidilse
1456 3541 1540 3590 vero
1565 3518 1659 3595 hunc

209 3640 538 3717 Robertumfenmt

358 3773 568 3846 Eneomium
586 3774 843 3870 Agriculturae,
861 3772 1000 3848 Parisris
1015 3774 1190 3848 excusum.

357 3905 544 3978 Orationes
559 3905 648 3978 duas
664 3906 708 3979 de
726 3907 819 3979 Pace
835 3916 872 3978 et
889 3905 1122 4002 Philosophia.

358 4036 413 4109 De
439 4035 669 4110 Paruimonia.

360 4167 414 4241 De
431 4168 566 4265 optimo
582 4168 686 4241 Statu
704 4168 943 4266 Reipublicae,
960 4169 1019 4243 lib.
1038 4191 1062 4241 1.

359 4297 648 4395 Deplorationenr
665 4299 834 4372 Gulielmi
850 4298 982 4374 Balaei.

360 4427 550 4502 Rationem
566 4428 904 4504 Conscribendarum
921 4431 1164 4530 Epistularum.

211 4557 311 4630 Idem
327 4560 503 4634 transtulit
520 4586 565 4634 ex
582 4561 783 4644 Plutarcho,

318 4725 320 4729 ’
359 4690 636 4767 consolatoriam
652 4693 698 4767 ad
715 4693 882 4778 Uxorem,
900 4704 937 4768 et
955 4695 1056 4770 Vitas
1071 4697 1193 4771 decem
1211 4697 1419 4771 Rhetorum.
