4448 5964
676 542 741 608 Du
776 541 1122 610 SCRIPTORIBUS
1157 542 1328 610 scotus.
1685 553 1748 614 105

174 751 178 757 ·
284 730 474 830 Postquam
500 753 612 807 anaoa
639 729 895 809 adnleseentiae
923 731 962 805 in
990 728 1111 807 ibidiia
1145 729 1330 809 literanum
1363 731 1416 808 illi
1449 733 1560 811 aetati
1593 759 1743 835 congru·

288 865 319 938 is
351 863 388 936 in
421 862 543 939 Sootia
582 859 810 961 transegiffet,
848 887 872 937 a
909 860 1110 960 praecipuis
1141 863 1315 938 bonarum
1347 861 1533 941 literarum
1566 867 1739 966 magistris

277 990 538 1092 diligentiffime
571 992 726 1093 primum
759 992 959 1080 instrndtua,
988 991 1143 1070 Galliam
1169 992 1313 1089 juvenis
1339 993 1454 1090 petiit,
1488 995 1551 1072 ubi
1584 996 1735 1072 Parilios

278 1120 315 1197 se
356 1122 518 1209 contulit,
553 1133 591 1198 et
624 1122 736 1199 trium
776 1121 978 1222 liuguanrm
1019 1122 1267 1222 principalium
1304 1123 1463 1203 studiosis
1498 1125 1534 1203 se
1568 1128 1736 1205 tomitem

276 1253 468 1352 adjunxit3
510 1254 604 1329 unde
636 1251 818 1353 ingenium
850 1251 1061 1329 iustrndbum
1093 1254 1218 1329 babuit
1254 1280 1327 1331 non
1365 1257 1504 1356 vulgari
1550 1257 1737 1336 literarum

280 1386 492 1485 cognitione.
547 1385 697 1461 Praeter
721 1395 863 1462 caetera
887 1408 972 1461 vero
1000 1384 1092 1461 mira
1117 1410 1164 1460 ex
1193 1396 1354 1484 tempore
1379 1388 1519 1464 dicendi
1553 1389 1743 1466 scribendi-

282 1543 351 1616 que
387 1517 595 1605 facunditas,
632 1517 684 1591 itu
716 1525 758 1589 ut
791 1517 922 1590 cunae
959 1539 1051 1612 quae
1090 1516 1345 1616 aggrederetur
1385 1541 1458 1594 non
1500 1518 1617 1596 minua
1661 1522 1744 1608 cito,

280 1671 388 1745 quam
412 1645 564 1722 feliciter
593 1655 632 1722 et
660 1644 852 1744 eleganter,
882 1643 1079 1743 pertineret.
1139 1642 1290 1721 Aaeellit
1318 1647 1365 1722 ad
1393 1646 1541 1725 latinae
1572 1649 1746 1727 Graeaae-

280 1806 350 1880 que
384 1780 528 1880 linguae
565 1777 741 1878 peritiam,
783 1775 1042 1855 Hebraianrum
1078 1799 1220 1874 quoque
1259 1776 1446 1857 literarum
1486 1779 1745 1880 intelligentia;

279 1914 409 2012 quibua
439 1934 519 1988 eam
551 1934 697 2010 operam
730 1907 831 1987 brevi
863 1906 1035 2006 temporie
1066 1906 1181 2005 spatio
1213 1907 1397 2008 impendit,
1432 1921 1472 1988 ut
1501 1935 1574 1989 non
1610 1913 1745 2017 medio

279 2069 375 2123 arem
404 2055 484 2121 tum
516 2043 676 2119 omnium
704 2041 829 2119 mnndi
858 2037 1076 2117 naturalium
1103 2063 1236 2128 rerum.
1270 2051 1349 2118 tum
1378 2042 1552 2141 imprimis
1583 2045 1739 2123 eoelestia

281 2176 468 2255 dottrinae
497 2174 737 2276 arguitionem
765 2172 973 2273 perciperet.
1042 2172 1195 2250 Intimae
1221 2171 1463 2272 philosophiae
1494 2175 1615 2255 omnia
1642 2201 1745 2253 exae-

279 2307 406 2388 tiffime
428 2307 626 2408 perdidicit,
652 2319 690 2384 et
712 2302 963 2405 eloquentiam,
989 2328 1035 2378 ex
1056 2300 1246 2402 puriffimia
1273 2303 1431 2380 fontibus
1454 2305 1624 2393 haustam,
1652 2309 1743 2386 auti-

280 2464 433 2540 quorum
466 2440 689 2540 temporibus
720 2448 911 2538 aequatam
943 2436 983 2513 in
1016 2433 1152 2533 seriptis
1185 2433 1348 2513 ostendit.
1418 2436 1477 2512 Ad
1517 2436 1742 2535 postremum,

282 2573 475 2656 lludiomm
518 2573 695 2651 rationem
749 2593 892 2646 omnem
935 2568 983 2644 ad
1028 2566 1207 2645 sacrarum
1260 2566 1447 2643 literarum
1493 2569 1742 2668 eognitionem,

282 2705 425 2804 egregio
456 2703 635 2781 lboerdote
670 2701 824 2802 dignam.
852 2698 1015 2777 eontulit.
1083 2695 1167 2773 Fuit
1197 2697 1374 2775 Patricius
1409 2699 1468 2775 hie
1501 2698 1557 2776 vir
1591 2700 1746 2802 integer·

280 2837 392 2913 rimae
426 2836 530 2923 vitae,
560 2858 710 2934 magnae
738 2832 849 2911 etiam
876 2829 1064 2934 gariuds
1091 2840 1128 2904 et
1157 2828 1363 2917 severitatis,
1390 2830 1542 2930 diligens
1571 2832 1744 2911 virtutum

281 2969 408 3055 cultor,
439 2967 636 3044 acerrimus
668 2963 837 3041 vitiorum
872 2961 963 3048 osor,
1000 2973 1039 3038 et
1072 2962 1232 3039 omnium
1264 2960 1444 3041 saetarum
1476 2973 1514 3039 et
1547 2965 1744 3045 haerelium

281 3099 442 3201 eapitalia
474 3097 589 3177 hostia.
659 3097 808 3197 ingenio
840 3103 918 3175 erat
950 3117 1061 3194 prope
1095 3089 1223 3177 divina
1257 3090 1401 3192 eloquio
1432 3093 1535 3192 gravi
1568 3104 1605 3170 et
1635 3096 1738 3184 terso,

281 3234 319 3311 in
346 3233 444 3310 omni
470 3230 603 3308 artium
635 3242 674 3304 et
701 3227 964 3329 disciplinarum
992 3247 1123 3325 genere
1154 3219 1381 3311 doaiffimns,
1413 3235 1453 3301 et
1483 3236 1628 3324 praeter
1661 3229 1743 3307 doo-

282 3362 414 3443 trintun
439 3360 660 3461 inguinem
683 3360 737 3438 vir
759 3369 859 3437 uerte
883 3358 1133 3457 perhumana
1159 3354 1318 3442 affabilia.
1342 3357 1528 3445 modellua
1553 3382 1596 3435 ue
1624 3361 1740 3439 multa

283 3491 510 3571 veneratione
534 3491 671 3593 digana
723 3490 829 3567 Hune
858 3497 900 3563 ut
926 3498 1056 3564 natura
1080 3511 1208 3584 parens
1231 3486 1397 3567 maximis
1419 3489 1602 3567 decoravit
1626 3492 1738 3570 annui

282 3622 436 3711 dodum
465 3635 503 3697 et
529 3620 684 3703 naturali
712 3621 908 3697 adrerum
941 3617 1158 3718 indagandae
1187 3629 1333 3697 naturae
1362 3631 1657 3719 praeparamenta
1691 3623 1743 3701 in·

282 3754 431 3857 ignivit,
480 3755 533 3831 itu
579 3754 724 3832 fortuna
767 3755 942 3830 benonim
992 3750 1142 3829 anulis
1186 3747 1430 3850 ingentiflimia
1469 3764 1508 3827 et
1547 3752 1741 3852 gratillima

282 3888 496 3965 dexteritate
521 3911 604 3965 eum
629 3886 807 3965 uberrime
830 3882 986 3963 donavit.
1037 3882 1092 3963 Ne
1114 3892 1237 3963 autem
1262 3882 1412 3983 inceptio
1438 3885 1515 3984 ejua
1537 3887 1736 3986 magnificia

283 4020 413 4097 deelllet
439 4017 697 4105 immortalitas,
725 4017 850 4096 Latine
875 4027 913 4094 et
936 4016 1045 4094 noae
1076 4014 1171 4090 inter
1196 4016 1267 4091 alia
1297 4015 1411 4092 multu
1438 4018 1642 4115 composuit,

432 4151 488 4229 De
505 4151 727 4230 Eroellentia
743 4151 853 4228 Verbi
870 4149 948 4233 Dei,
966 4148 1025 4226 lib.
1041 4167 1068 4223 t.
1276 4250 1280 4257 Ι

433 4282 487 4357 De
526 4281 675 4381 Vulgari
714 4279 750 4356 S.
791 4278 995 4378 scripturae
1031 4275 1162 4362 Phrati,
1203 4279 1263 4354 lib.
1301 4301 1341 4353 11.
1377 4303 1530 4378 quorum
1562 4280 1660 4379 prior
1698 4283 1743 4359 de

378 4387 384 4396 “
482 4423 628 4511 poam
653 4412 692 4489 u
716 4407 889 4508 spartum
915 4408 1069 4506 stuta
1093 4407 1743 4492 uiammortemetiaemiffibile

483 4553 621 4627 rotant,
654 4543 816 4627 trattut3
848 4537 1019 4639 posterior
1048 4563 1133 4619 vero
1161 4538 1388 4619 difficillimae
1418 4539 1577 4642 quosque
1609 4553 1648 4622 et
1680 4545 1743 4621 ob·

481 4672 689 4755 sturillimos
730 4669 913 4768 utriusque
950 4669 1162 4753 testamenti
1199 4670 1303 4756 lmus,
1342 4671 1517 4753 haetenus
1558 4698 1581 4755 a
1621 4674 1744 4755 multia

1568 4829 1590 4881 r
