4448 5964
538 1350 1263 1470 SCRIPTORIBUS
1357 1350 1692 1468 SCOTIS

910 1762 1096 1848 LIBER
1147 1760 1316 1852 UNUS.

993 2111 1228 2126 β

802 2373 869 2449 DE
908 2371 1094 2449 SANOTO
1132 2370 1375 2448 COLUMBA.

322 2647 325 2653 .
387 2572 423 2649 S.
441 2575 637 2659 ΟοωΜΒΑ,
663 2571 841 2648 nobilibus
866 2582 966 2648 ortus
989 2570 1205 2670 parentibus,
1230 2579 1336 2643 natus
1352 2569 1390 2642 in
1409 2567 1540 2644 Huenfi
1565 2569 1687 2658 insula,
1705 2571 1744 2645 iu
1769 2595 1840 2670 qua

386 2704 462 2803 post
510 2704 760 2780 monasterium
804 2702 936 2802 indigne
987 2701 1189 2788 construxit,
1232 2724 1343 2798 nepos
1383 2701 1540 2800 Fergufii
1580 2703 1674 2802 regis
1716 2703 1839 2778 Scoto-

386 2861 476 2922 mm,
502 2862 585 2912 cum
608 2837 704 2913 Jona
727 2836 904 2936 propheta
932 2835 1188 2933 homonymum
1214 2831 1357 2907 sortitus
1382 2832 1431 2907 est
1455 2857 1609 2922 nomen;
1647 2859 1730 2910 nam
1755 2835 1838 2910 licet

386 2965 522 3042 diverso
554 2967 666 3041 trium
700 2966 903 3066 linguarum
941 2964 1035 3051 sono,
1073 2989 1182 3039 unam
1213 2975 1335 3040 tamen
1377 2966 1596 3066 eandemque
1628 2992 1706 3042 rem
1737 2967 1840 3067 figni-

384 3100 487 3174 ficat:
524 3099 593 3176 hoc
628 3101 724 3199 quod
749 3098 925 3174 Hebraice
961 3096 1092 3172 dicitur
1114 3096 1218 3184 Jona,
1255 3097 1391 3173 Graece
1425 3122 1510 3173 vero
1546 3100 1736 3198 νηπιόφρονα,
1769 3099 1838 3176 five

385 3229 555 3331 περιστερὰν
589 3242 729 3319 vocant,
767 3242 805 3307 et
838 3230 966 3306 Latina
1002 3229 1125 3328 lingua
1149 3229 1324 3305 Columba
1356 3241 1591 3329 nuncupatur.
1642 3232 1727 3306 Tale
1758 3243 1838 3308 tan-

383 3373 533 3463 tumque
575 3363 788 3438 vocabulum
837 3360 974 3437 homini
1013 3385 1089 3435 non
1136 3359 1207 3466 fine
1249 3361 1368 3438 divina
1417 3361 1640 3461 providentia
1685 3363 1838 3439 inditum

384 3492 452 3570 effe
494 3494 693 3584 credimus3
730 3494 907 3570 Columba
939 3493 1072 3569 etenim
1106 3503 1143 3568 et
1175 3490 1321 3592 fimplex
1358 3493 1599 3592 innocuusque
1641 3496 1837 3594 nuncupari

384 3627 517 3715 debuit,
543 3627 606 3726 qui
630 3628 669 3701 in
693 3627 729 3702 se
754 3626 964 3703 columbinis
992 3625 1151 3701 moribus
1176 3623 1326 3724 Spiritui
1359 3625 1493 3702 Sancto
1517 3625 1707 3725 hospitium
1736 3653 1838 3727 prae-

384 3759 473 3834 buit.
541 3758 612 3833 Hic
645 3783 739 3834 anno
767 3757 920 3833 secundo
948 3757 1024 3856 post
1056 3757 1191 3832 bellum
1224 3758 1313 3832 illud
1346 3758 1390 3832 de
1423 3758 1676 3846 Odedrebene,
1710 3762 1837 3838 aetatis
1980 3734 1982 3738 Α

383 3886 465 3962 suae
490 3907 584 3962 anno
614 3886 779 3986 vigeiimo
804 3886 966 3974 secundo,
988 3911 1034 3961 ex
1059 3885 1192 3961 Hnenfi
1216 3886 1329 3963 insula
1353 3888 1390 3961 in
1412 3887 1621 3964 Hiberniam
1645 3889 1835 3989 profectus,

383 4020 523 4093 nullum
572 4018 678 4094 unius
723 4019 832 4094 horae
882 4019 1110 4094 intervallum
1150 4018 1297 4095 traniire
1346 4030 1488 4119 poterat
1529 4022 1624 4119 quod
1664 4047 1737 4097 non
1778 4023 1835 4098 vel

383 4149 546 4236 orationi,
573 4151 630 4224 vel
665 4149 823 4236 lectioni,
849 4161 912 4226 aut
944 4149 1125 4249 scriptioni
1157 4152 1253 4228 inter
1286 4153 1478 4229 monachos
1502 4153 1581 4229 suos
1605 4153 1836 4232 incumberet.

382 4282 455 4356 Pro
481 4279 586 4379 ipfius
619 4281 817 4357 eruditione
845 4292 882 4357 et
910 4281 1005 4356 vitae
1034 4280 1222 4358 sanctitate
1256 4285 1366 4359 abbas
1395 4282 1549 4359 Cloeufis
1575 4285 1624 4358 est
1651 4285 1768 4361 naus
1796 4287 1835 4360 iu

383 4413 576 4500 Hibernia3
613 4414 732 4513 postea
757 4414 794 4487 in
820 4413 977 4489 Scotiam
1011 4414 1058 4488 ad
1082 4414 1206 4490 Ionam
1244 4415 1392 4490 insulam
1428 4415 1478 4490 est
1510 4416 1678 4503 reversus,
1713 4417 1834 4517 ibique

382 4570 448 4644 per
475 4545 609 4620 multos
638 4570 750 4621 annos
774 4546 813 4621 S.
837 4546 1038 4644 Scripturas
1067 4546 1249 4622 monachis
1278 4547 1526 4646 praelegebat;
1560 4547 1687 4622 deinde
1712 4547 1835 4624 Pictos

382 4674 563 4774 plurimos,
599 4676 662 4777 qui
686 4687 774 4752 tunc
805 4677 976 4775 temporis
1001 4677 1038 4750 in
1064 4676 1184 4755 Scotia
1208 4679 1354 4779 praedia
1388 4680 1502 4755 multa
1529 4677 1756 4778 poffidebant,
1786 4683 1832 4756 ad

381 4806 509 4884 Christi
541 4810 649 4885 fidem
687 4811 973 4909 amplectendam
1007 4810 1140 4899 allexit,
1176 4811 1381 4911 praesertim
1419 4810 1510 4911 ipsos
1549 4812 1611 4912 qui
1648 4813 1686 4887 in
1720 4812 1832 4889 insula

1562 4966 1585 5018 u
