4470 5962
386 516 430 578 14
793 512 859 576 DE
890 510 1234 578 SCRIPTORIBUS
1268 510 1437 576 SCOTIS.

833 862 898 934 DE
924 861 1094 935 ΤΗΟΜΑ
1119 860 1359 935 MUSHETO.

385 1096 545 1169 Tuonns
590 1094 808 1177 Mammas,
844 1118 889 1166 ex
930 1090 1098 1190 generosa
1127 1089 1369 1163 Mulhetorum
1408 1090 1445 1161 in
1479 1089 1712 1165 Mentethensr
1749 1116 1835 1189 agro

386 1224 564 1307 oriundus,
608 1223 644 1295 in
679 1223 869 1319 juventute
916 1222 954 1295 in
990 1221 1092 1295 bonis
1133 1220 1246 1294 literis
1289 1230 1325 1293 et
1370 1219 1507 1293 artibus
1549 1221 1715 1307 imbutus,
1763 1247 1835 1295 non

386 1367 506 1429 tamen
551 1363 739 1427 contentus
784 1377 827 1426 ea
869 1352 1033 1426 dourina
1066 1352 1102 1426 in
1147 1350 1263 1447 patria
1309 1361 1465 1447 accepta,
1519 1352 1565 1425 ad
1612 1353 1725 1450 majus
1769 1353 1837 1427 stu-

387 1484 526 1559 diorum
560 1483 817 1556 incrementum
863 1481 900 1557 iu
943 1481 1077 1557 Gallias
1122 1491 1159 1554 et
1204 1482 1433 1557 Germaniam
1466 1484 1647 1580 profectus
1680 1484 1738 1569 est,
1774 1485 1836 1559 ubi

387 1617 424 1688 in
466 1613 658 1689 Academia
698 1610 873 1687 Balilienli
913 1611 1107 1687 medicinae
1141 1613 1282 1698 studuit,
1325 1625 1536 1712 tantumque
1569 1616 1688 1712 postea
1720 1616 1758 1689 in
1795 1641 1839 1691 ea

386 1746 593 1846 profecerat,
609 1755 651 1818 ut
667 1745 793 1819 doctor
809 1755 999 1818 crearetur.
1051 1743 1193 1842 Scripsit
1209 1746 1353 1820 tandem

538 1876 755 1974 Decalogum
773 1875 959 1972 quendam.

538 2007 809 2106 apologeticum
826 2006 995 2081 Chimicae
1013 2008 1121 2082 Artis.

536 2141 591 2213 De
607 2141 632 2213 J
633 2141 697 2213 uro
714 2149 751 2213 ct
768 2139 985 2214 Praestantia
1001 2139 1241 2215 Chimicorum
1257 2141 1609 2228 Medicamentomm,
1633 2143 1692 2217 lib.
1711 2165 1751 2216 11.

389 2271 526 2349 cunm
564 2295 658 2346 anno
717 2270 843 2345 Christi
883 2273 988 2344 1584.
1050 2271 1140 2357 Quae
1172 2272 1244 2346 alia
1277 2272 1460 2370 scripserit,
1500 2283 1537 2347 et
1572 2299 1645 2372 quc
1682 2285 1843 2371 tempore

388 2401 526 2488 vixerit,
543 2399 606 2476 nisi
622 2401 689 2475 hoc
706 2399 891 2499 praediolo
907 2424 1011 2484 auno,
1038 2424 1110 2475 non
1127 2402 1258 2477 constat
1275 2402 1369 2477 inter
1386 2403 1580 2501 scriptorea

829 2695 896 2768 DE
922 2694 1189 2771 FRIDERICO
1216 2698 1377 2774 SCOTO.

392 2930 624 3005 Fumnmcua
661 2926 803 2999 Scordo
844 2925 882 2999 in
918 2925 1050 2999 tenella
1089 2937 1206 3003 aetate
1233 2954 1315 3002 cum
1349 2931 1524 3006 elementa
1549 2941 1690 3007 tantum
1728 2956 1846 3030 gram-

392 3060 538 3136 matices
577 3054 773 3161 audivisset,
817 3057 855 3129 in
898 3055 1039 3130 Italiam
1075 3058 1122 3132 ad
1157 3073 1326 3159 cognatos
1361 3062 1485 3136 scotos
1510 3063 1548 3136 in
1574 3065 1756 3139 Placentia
1782 3065 1845 3139 ha·

392 3193 547 3268 bitantes
579 3191 648 3263 iter
680 3186 837 3285 suscepit.
893 3186 1079 3285 Progressa
1104 3194 1275 3291 temporis
1307 3195 1396 3269 adeo
1426 3220 1570 3293 operam
1595 3196 1716 3283 literis,
1744 3222 1845 3297 prae-

392 3324 513 3400 sertim
533 3319 839 3421 jurisprudentiae,
874 3319 1029 3405 dederat,
1057 3331 1097 3394 ut
1122 3321 1216 3396 inter
1232 3323 1385 3398 summos
1410 3336 1447 3399 et
1480 3326 1687 3425 praecipuos
1719 3327 1844 3401 Italiae

395 3456 560 3533 doctores
579 3454 616 3528 in
632 3477 762 3551 magna
777 3450 1031 3525 existimatione
1047 3452 1248 3527 haberetur.
1304 3453 1447 3552 Scripsit

542 3585 729 3661 Orationes
746 3582 833 3657 duas
850 3582 954 3657 insui
971 3594 1008 3657 et
1024 3584 1176 3658 aliorum
1194 3586 1420 3660 Doaomtus.

544 3717 754 3816 Apologiam
770 3740 836 3814 pro
852 3715 1022 3789 Familiae
1038 3716 1120 3790 lirae
1136 3716 1371 3814 Antiquitate.

543 3850 715 3924 Materiae
732 3848 1020 3922 Usustuctuariae
1037 3848 1097 3923 lib.
1114 3871 1139 3921 1.

397 3987 479 4061 Alia
503 3985 611 4059 etiam
646 3982 759 4055 multa
792 3982 838 4053 ab
878 4003 921 4052 eo
945 3978 1074 4076 scripta
1107 3979 1197 4054 sunt.
1248 3979 1385 4055 Clanrit
1409 4007 1502 4056 anno
1529 3983 1698 4059 salutiferi
1722 3997 1846 4083 partus

398 4123 504 4204 1513,
521 4116 680 4216 regimen
696 4112 836 4188 Scotiae
853 4111 1040 4186 inchoante
1056 4110 1193 4186 ‚Iacobo
1209 4111 1284 4209 ejus
1300 4113 1454 4188 nominis
1469 4114 1604 4212 quinto.

828 4407 894 4481 DE
917 4406 1108 4481 JOANNE
1134 4405 1394 4482 STRATONE.

398 4645 573 4718 donnana
610 4642 770 4726 Srnam,
805 4637 948 4713 natione
983 4636 1120 4722 Sootus,
1150 4637 1205 4710 vir
1238 4638 1428 4713 admodum
1463 4640 1632 4728 eruditus7
1661 4642 1700 4716 iu
1732 4643 1848 4741 prima

398 4786 515 4854 aare
540 4772 683 4872 pietatis
698 4783 735 4847 et
750 4772 935 4847 literarum
962 4767 1164 4845 rudimenta
1189 4771 1226 4846 in
1257 4771 1381 4869 patriis
1408 4770 1534 4845 scholia
1558 4774 1725 4873 percepit,
1754 4774 1845 4849 adeo
