4448 5964
291 206 334 272 50
696 203 762 270 Du
794 202 1141 272 SCRIPTORIBUS
1174 205 1342 272 soorls.

292 395 354 492 qui
377 417 421 468 ea
442 393 563 469 Bedae
585 402 672 468 tom.
696 392 755 479 iii,
778 403 950 491 tanquam
972 393 1078 493 ipsius
1093 393 1192 469 satta
1222 392 1490 494 mseripsenme
1533 396 1636 472 Vixit
1655 422 1752 475 anno

293 526 437 600 Domini
456 530 538 612 630,
555 523 619 599 sub
635 524 867 622 Ferquhurdo
884 525 1000 623 primo
1017 526 1207 601 Scotorum
1224 550 1309 626 rege
1325 527 1431 626 hujus
1446 529 1706 628 appellationis

800 820 867 895 DE
892 819 1051 897 GALLO
1076 823 1236 898 scoto.

292 1054 454 1138 Genios,
480 1050 541 1126 seu
571 1051 691 1149 potius
720 1051 847 1125 Sootus
875 1051 1017 1149 quidam
1044 1065 1280 1152 cognomento
1306 1055 1441 1144 Gallus,
1465 1057 1577 1156 (quod
1600 1058 1638 1132 in
1663 1058 1749 1135 Gal·

292 1186 376 1260 liam
404 1182 525 1258 missus
552 1184 599 1259 ad
629 1184 893 1283 propagandam
926 1185 1160 1284 religionem)
1194 1211 1218 1261 e
1250 1186 1374 1264 Scotia
1404 1189 1510 1265 claris
1540 1191 1749 1290 parentibus

291 1330 416 1405 ortus;
460 1318 521 1415 qui
562 1317 678 1414 primo
711 1315 839 1390 aetatis
871 1316 959 1390 flore
997 1316 1209 1392 Columbani
1248 1318 1447 1418 magisterio
1480 1322 1749 1398 commendatus

291 1464 331 1526 ut
354 1453 391 1525 in
416 1451 589 1549 regularis
614 1450 710 1522 vitae
732 1449 921 1546 proficeret
944 1447 1136 1547 disciplina,
1161 1461 1264 1526 tanto
1289 1462 1411 1527 autem
1435 1453 1610 1529 virtutum
1635 1455 1748 1529 erevit

291 1594 492 1684 augmento,
526 1582 677 1681 superna
703 1581 819 1679 gratia
850 1580 886 1655 se
918 1581 1182 1678 praeveniente,
1211 1593 1315 1661 tanto
1342 1585 1438 1682 quod
1466 1585 1579 1662 studio
1610 1586 1749 1662 divinas

291 1717 472 1816 exoptavit
496 1713 721 1812 Scripturas,
762 1721 804 1786 ut
840 1712 885 1786 de
922 1711 1089 1788 thesauro
1129 1713 1191 1789 suo
1230 1740 1324 1792 nova
1360 1717 1520 1816 proferre
1562 1717 1674 1816 pollet
1711 1732 1749 1794 et

289 1860 444 1935 vetera;
478 1846 730 1947 grammaticae
764 1845 872 1919 etiam
906 1845 1048 1943 regidos
1080 1855 1349 1945 metrorumque
1382 1848 1596 1924 subtilitates
1627 1851 1750 1949 capaci

291 1983 563 2082 consequeretur
580 1979 731 2079 ingenio.
775 1975 932 2052 Obscura
947 1988 1069 2053 autem
1089 1976 1355 2076 Scripturarum
1376 1990 1452 2054 tam
1468 1978 1646 2078 sapienter
1659 1980 1749 2057 scire

289 2115 490 2191 volentibus
517 2110 695 2196 reseravit,
724 2122 766 2185 ut
791 2110 914 2185 cuntti
947 2109 1009 2210 qui
1042 2108 1119 2205 ejus
1150 2111 1379 2208 prudentiam
1411 2122 1450 2186 et
1483 2111 1663 2217 immunes
1687 2138 1750 2191 au-

289 2250 438 2332 dierant,
470 2243 703 2321 admiratione
732 2266 815 2317 eum
844 2251 881 2316 et
908 2241 1013 2315 lande
1039 2239 1275 2339 dignillimum
1294 2244 1507 2342 judicarent.
1558 2245 1640 2332 Qua
1661 2245 1751 2346 sapi·

289 2380 406 2455 entiae
435 2375 643 2452 maturitate
684 2374 820 2448 fastum
854 2371 912 2456 est,
947 2381 989 2446 ut
1024 2373 1268 2450 universorum
1307 2377 1487 2451 communi
1527 2375 1670 2453 oonsilio
1711 2391 1750 2453 et

283 2511 433 2613 jullione
467 2506 678 2584 Columbani
717 2504 865 2588 abbatis,
905 2528 970 2602 per
1008 2503 1161 2604 fingulos
1194 2506 1312 2582 sacrae
1350 2507 1585 2606 promotionis
1615 2510 1750 2608 gradus

288 2645 486 2728 ascendens,
520 2640 653 2715 invitus
685 2636 870 2712 sacerdotii
905 2635 1094 2735 susciperet
1128 2636 1349 2734 dignitatem.
1413 2637 1483 2712 Hic
1524 2637 1563 2711 in
1602 2637 1749 2715 siconia

288 2780 377 2852 urbe
398 2775 445 2850 ad
465 2771 684 2847 Lidiniacum
708 2770 852 2853 flumen,
876 2765 1048 2842 convulsis
1067 2769 1232 2843 omnibus
1253 2769 1475 2845 idololatriae
1494 2771 1746 2858 monumentis,

286 2908 502 2985 Christianae
524 2901 705 3002 religionis
730 2900 962 2974 fundamenta
984 2898 1082 2996 jecit,
1105 2910 1143 2975 et
1165 2900 1302 2978 radices
1332 2897 1493 2975 altillime
1518 2900 1601 3001 egit.
1652 2901 1746 2976 Cum

285 3053 406 3117 autem
440 3040 576 3124 Gunzo,
610 3036 808 3110 Suevorum
841 3033 925 3119 dux,
959 3032 1006 3105 ad
1041 3032 1342 3108 Constantiensem
1371 3031 1612 3132 episcopatum
1641 3033 1745 3109 illum

287 3180 439 3257 vocaret,
465 3167 662 3246 solitudinis
686 3174 826 3242 amator
847 3161 1086 3263 episcopatum
1115 3163 1217 3237 illum
1240 3163 1373 3238 Joanni
1402 3162 1552 3239 diacono
1578 3175 1616 3239 et
1642 3164 1745 3239 disci·

287 3307 372 3407 pulo
396 3304 458 3380 suo
482 3300 686 3402 impertivit.
738 3297 911 3374 Similiter
936 3296 1012 3396 post
1034 3294 1221 3380 Eustachii,
1251 3294 1391 3370 abbatis
1416 3294 1617 3370 monasterii
1646 3296 1743 3395 quod

286 3437 483 3514 Luxovium
511 3434 649 3519 dicitur,
676 3431 823 3517 obitum,
854 3453 962 3528 quem
993 3430 1107 3503 bonae
1133 3425 1326 3501 memoriae
1354 3424 1597 3501 Columbanus
1624 3425 1743 3504 eidem

285 3575 362 3648 loco
401 3568 581 3668 praefecit,
614 3565 743 3639 fratres
776 3586 861 3661 ergo
898 3563 936 3635 in
974 3561 1100 3636 eodem
1141 3559 1312 3636 coenobio
1344 3559 1524 3634 constituti
1555 3557 1742 3636 consilium

284 3707 450 3788 inierunt,
477 3709 519 3775 ut
547 3695 785 3773 venerabilem
818 3693 963 3768 Gallum
991 3702 1213 3778 revocarent,
1239 3702 1277 3766 et
1303 3691 1378 3790 ejus
1405 3691 1570 3791 regimini
1596 3690 1633 3767 se
1661 3690 1742 3768 sub.

285 3837 400 3915 dendo
436 3831 695 3916 contraderent,
738 3828 864 3904 Gallus
902 3851 987 3902 vero
1021 3849 1144 3900 eorum
1177 3824 1358 3921 postulatis
1392 3823 1521 3899 renuit.
1581 3824 1637 3900 De
1671 3824 1741 3901 hoc

284 3972 388 4047 Gallo
414 3970 530 4052 Scoto,
551 3963 736 4039 Cornelius
760 3959 1048 4060 Gomipolita'nus
1072 3959 1109 4031 in
1134 3957 1226 4031 libro
1247 3956 1292 4031 de
1318 3948 1559 4056 Temporibus,
1584 3955 1740 4033 Sanstus

285 4064 419 4187 Gallus
445 4096 571 4198 inquit
598 4120 618 4170 e
649 4094 764 4170 Scotis
791 4094 945 4179 veniens,
970 4091 1065 4190 apud
1090 4089 1274 4166 Helvetios
1302 4088 1552 4164 monasterium
1576 4089 1740 4164 aedifioa·

283 4243 354 4314 bat.
410 4233 458 4307 Et
478 4231 741 4315 Volaterranus,
764 4226 825 4302 lib.
843 4248 925 4300 xvr.
943 4222 1298 4308 Commentariomm,
1320 4221 1445 4296 Gallus
1466 4223 1576 4297 abbas
1596 4245 1643 4296 ex
1664 4220 1739 4320 Hy-

283 4366 435 4447 bernicis
460 4362 584 4452 Sootis,
612 4363 694 4454 (hoc
719 4360 777 4448 est,
805 4359 920 4437 Sootis
944 4356 1141 4453 Insrdauin)
1167 4354 1346 4440 oriundus,
1372 4353 1436 4428 sub
1460 4352 1643 4451 disciplina
1668 4353 1731 4430 (lo
