4448 5964
626 528 689 592 DE
729 528 1073 596 SCRIPTORIBUS
1110 532 1277 598 SCOTIS.
1630 540 1669 600 21

220 717 394 803 Genevae,
427 717 610 815 Rupellae,
645 727 711 790 etc.
746 717 954 815 theologicis
983 719 1108 793 studiis
1143 744 1288 817 operam
1321 721 1473 796 navavit.
1537 724 1673 799 Deinde

220 875 301 927 curn
338 850 376 924 in
412 849 565 948 patriam
602 847 767 935 rediisset,
807 850 853 924 ad
891 849 1068 947 publicam
1106 850 1351 950 professionem
1388 853 1588 953 theologiae
1636 857 1673 931 in

220 982 411 1057 Academia
436 982 628 1057 Andreana
656 993 810 1056 vocatus.
866 981 931 1054 Vir
959 995 1037 1058 erat
1065 985 1191 1083 gravis,
1223 985 1391 1071 eruditus,
1421 997 1459 1060 et
1487 987 1674 1087 theologus

219 1115 370 1203 solidus3
402 1115 604 1190 selectiores
633 1115 748 1190 omnis
771 1114 912 1213 generis
942 1115 1051 1190 libros
1079 1116 1200 1190 sedulo
1228 1126 1265 1189 et
1295 1142 1366 1191 non
1395 1119 1564 1193 mediocri
1593 1145 1673 1217 pro

220 1245 335 1347 grell'u
351 1247 536 1346 pervolvit.
588 1246 693 1321 Unde
710 1245 841 1345 scripsit

368 1378 496 1455 Theses
512 1377 752 1476 'theologicas

221 1516 399 1599 Poemata,
429 1512 626 1597 Orationes,
656 1521 694 1585 et
722 1510 793 1584 alia
814 1509 1023 1606 imperfecta
1048 1509 1123 1607 post
1152 1509 1289 1584 obitum
1317 1510 1472 1610 reliquit.
1534 1514 1672 1589 Clnruit

221 1673 312 1724 anno
354 1657 479 1746 partus
518 1644 668 1744 virginei
712 1647 818 1729 1616,
866 1642 951 1716 dum
998 1652 1164 1741 regnaret
1206 1642 1243 1714 in
1284 1642 1472 1718 Britannia
1516 1645 1673 1720 lacobus

221 1808 293 1857 rex.

638 2075 704 2149 DE
727 2073 919 2150 JOANNE
945 2070 1249 2146 ANDERSONO.

221 2313 395 2387 Jonuuns
421 2310 686 2392 Aunnnsouua
710 2306 748 2379 in
776 2303 1040 2403 septentrionali
1065 2313 1167 2399 parte
1193 2302 1332 2378 Scotiae
1360 2315 1475 2391 natm,
1502 2317 1610 2404 atque
1636 2307 1673 2381 in

225 2441 415 2519 Academia
444 2436 683 2514 Aberdonenli
713 2437 901 2522 institutus,
931 2436 1115 2534 postquam
1148 2433 1387 2533 philosophiae
1419 2437 1596 2534 [cursum]
1636 2439 1673 2512 in

223 2575 347 2650 eadem
368 2567 573 2656 absolvisset,
596 2570 642 2644 ad
664 2580 805 2643 exteras
821 2567 856 2642 se
881 2568 1051 2653 contulit3
1079 2577 1115 2640 et
1137 2567 1320 2663 postquam
1341 2569 1456 2643 varias
1475 2570 1673 2644 academias

223 2701 465 2805 perlustrasset,
488 2700 634 2777 tandem
660 2701 698 2776 in
720 2700 854 2774 Gallias
875 2699 1024 2786 rediens,
1048 2697 1176 2774 relitta
1203 2700 1372 2797 religione
1396 2727 1468 2798 qua
1491 2701 1528 2774 in
1553 2702 1674 2776 Scotia

223 2839 391 2914 educatus
422 2836 548 2919 fuerat,
579 2833 616 2906 in
650 2831 847 2931 Collegium
872 2829 1089 2905 Jesuitarum
1123 2830 1156 2905 se
1185 2833 1346 2919 contulit,
1382 2834 1470 2908 adeo
1500 2846 1540 2908 ut
1579 2835 1674 2909 illius

224 2970 355 3046 ordinis
380 2977 418 3042 et
443 2962 660 3064 prosellionis
688 2963 880 3040 acerrimus
909 2962 1026 3038 fastus
1055 2961 1095 3037 fit
1122 2962 1291 3038 defensor.
1360 2966 1520 3065 Reliquit
1549 2992 1673 3042 monu-

223 3112 345 3178 menta
359 3099 411 3175 sui
427 3096 569 3197 ingenii,

371 3233 425 3306 De
442 3231 689 3305 Fundamento
707 3228 911 3305 Catholicae
928 3226 1132 3326 Religionis,
1151 3225 1210 3300 lib.
1229 3247 1284 3300 111.

370 3362 424 3437 De
442 3359 697 3436 Controverfiis
714 3360 920 3459 Religionis

223 3495 362 3592 elinque
384 3493 567 3591 quaedam.
619 3491 756 3566 Claruit
781 3517 875 3567 anno
900 3493 1006 3577 1624,
1030 3500 1201 3588 regnante
1226 3490 1362 3567 Jacobo
1388 3493 1510 3569 Primo
1533 3494 1675 3571 Britan·

224 3629 364 3704 nicrum
380 3650 473 3725 rege.

638 3921 704 3996 DE
730 3920 944 3996 SIMEONE
969 3920 1256 3996 CRAUMUND.

226 4159 372 4233 Smnou
402 4177 452 4232 nn
478 4155 709 4240 Cunuuuuu
744 4154 887 4228 natione
918 4152 1054 4238 Scotus,
1090 4150 1134 4226 fic
1168 4153 1286 4228 dittus
1319 4180 1341 4227 a
1374 4155 1457 4229 villa
1489 4157 1533 4230 de
1565 4159 1674 4233 Crau-

225 4289 344 4375 mund,
378 4287 474 4386 quod
502 4285 674 4385 capellam
704 4285 753 4361 ibi
786 4286 832 4361 ad
856 4285 1005 4359 fluvium
1034 4285 1240 4360 Craumund
1271 4286 1522 4374 construxerat,
1553 4295 1674 4366 mona‘·

225 4421 312 4495 chus
343 4419 476 4496 ordinis
508 4420 634 4493 beatae
667 4418 801 4493 Mariae
835 4417 993 4518 Virginis
1027 4419 1070 4492 de
1109 4419 1232 4493 Monte
1267 4419 1430 4507 Carmeli,
1472 4424 1675 4522 patriarcha

225 4551 340 4626 linerat
366 4547 586 4635 Antiochiae,
616 4560 658 4624 ut
685 4549 833 4625 testatur
865 4550 1018 4625 Thomas
1051 4550 1277 4649 Dempsterus
1307 4552 1345 4626 in
1374 4552 1437 4628 sno
1466 4557 1673 4655 Apparatu;

226 4705 307 4756 curn
323 4692 444 4756 tamen
466 4703 594 4756 nomen
618 4679 651 4753 ei
671 4679 888 4778 gentilitium
907 4681 1016 4756 firerit
1037 4683 1146 4769 Keth,
1168 4683 1319 4760 Comitis
1334 4686 1534 4762 Marelhalli
1555 4715 1673 4788 nepos.
