4470 5962
686 521 750 587 DE
791 521 1134 591 SCRIPTORlBUS
1168 526 1336 593 s00'r1s.
1677 533 1741 615 107

279 719 382 784 tanta
406 731 502 795 cura,
538 717 680 783 tantum
710 707 890 798 studium
923 710 1006 786 hinc
1037 711 1154 788 subito
1181 713 1278 790 fama
1309 713 1414 812 super
1441 714 1588 792 aethera
1621 728 1736 803 notus

278 852 375 916 certe
400 839 534 915 etenim
559 839 707 938 dignum
730 840 836 917 laude
860 839 977 915 virum
1001 842 1104 919 Musa
1128 856 1227 920 vetat
1253 847 1355 922 mori.
1419 845 1568 945 Sapiens
1593 849 1736 925 virtutis

276 974 458 1056 honorem,
491 971 690 1069 praemium
718 995 791 1046 non
823 973 992 1071 praedam
1022 975 1134 1071 petit3
1162 1000 1279 1074 neque
1309 977 1420 1052 ullam
1452 975 1560 1053 aliam
1592 977 1734 1053 suorum

276 1106 439 1179 laborum
476 1104 677 1179 mercedem
709 1103 820 1201 poscit
853 1128 960 1202 quam
994 1105 1110 1182 laudis
1140 1118 1179 1183 et
1211 1109 1355 1206 gloriae,
1390 1133 1499 1208 quam
1533 1108 1557 1184 fi
1591 1110 1642 1185 illi
1676 1112 1736 1185 de-

275 1235 436 1321 traxeris,
471 1234 561 1310 nihil
592 1234 646 1309 illi
679 1234 850 1332 relinquis
885 1259 950 1309 eur
988 1236 1023 1312 se
1055 1240 1167 1314 tantis
1198 1241 1503 1316 lucubrationibus
1537 1254 1573 1316 et
1606 1243 1735 1342 vigiliis

275 1377 449 1442 exerceat.
514 1365 657 1464 Scripsit
689 1367 805 1442 multa
836 1369 1018 1465 praeclara
1057 1369 1224 1466 opuscula
1263 1372 1392 1469 quibus
1432 1373 1641 1449 memoriam
1680 1374 1732 1448 sui

274 1500 418 1596 posteris
433 1498 695 1575 commendavit
707 1525 717 1584 ;
733 1499 912 1584 nimirum,

423 1631 558 1707 Contra
598 1627 882 1704 virulentillimas
922 1630 1128 1709 insanientis
1169 1634 1322 1731 papillae
1370 1636 1520 1711 loannis
1566 1638 1732 1734 Goehlaei

471 1759 684 1846 calumnias,
703 1761 917 1858 Apomaxim
934 1786 999 1859 pro
1017 1763 1127 1860 Rege,
1145 1764 1205 1837 lib.

423 1894 478 1968 De
495 1893 645 1968 Damnis
660 1917 707 1967 ex
723 1893 942 1981 Rebellione,
961 1894 1020 1968 lib.

421 2022 593 2100 Remedia
609 2034 735 2098 contra
750 2023 980 2112 Seditionem,
997 2026 1057 2101 lib.

302 2218 305 2223 Α
421 2156 493 2230 Pro
509 2154 656 2230 Tuenda
674 2153 806 2240 Patria,
824 2154 885 2230 lib.
902 2176 928 2228 1.

421 2285 599 2362 Adversus
614 2287 868 2374 Proditionem,
886 2287 946 2363 lib.

421 2419 611 2495 Historiam
629 2419 765 2493 Rerum
781 2419 957 2516 gestarum
973 2406 1130 2505 Henriei,
1150 2421 1209 2495 lib.

420 2550 593 2650 Epistulas
608 2551 655 2626 ad
670 2549 833 2636 diversos,
851 2549 911 2625 lib.

272 2683 460 2758 Transtulit
494 2682 603 2759 etiam
637 2682 675 2757 in
709 2682 899 2780 Anglieum
931 2680 1129 2759 sermonem
1162 2687 1341 2771 nonnulla,
1376 2688 1420 2761 de
1453 2688 1583 2786 quibus
1624 2688 1728 2786 plura

271 2816 351 2888 vide
380 2814 418 2887 in
445 2814 561 2889 nostro
587 2813 761 2912 catalogo
788 2814 1019 2913 Scriptorum.
1083 2814 1140 2890 Ex
1166 2817 1272 2892 Italia
1298 2817 1442 2893 demum
1474 2819 1615 2894 rediens
1646 2842 1727 2917 per-

272 2946 368 3021 venit
402 2948 692 3046 Argentoratum,
727 2946 788 3021 ubi
822 2969 916 3021 anno
948 2947 1084 3044 gratiae
1120 2951 1217 3023 1556
1259 2959 1296 3025 et
1336 2949 1393 3024 die
1438 2950 1483 3027 17
1526 2949 1648 3027 Martii
1689 2951 1726 3024 in

271 3080 435 3153 humanis
459 3076 528 3154 effe
545 3077 653 3154 defiit.
709 3078 847 3154 Olanrit
863 3078 927 3154 sub
943 3078 1067 3154 Maria

748 3373 813 3446 DE
837 3372 1029 3447 JOANNE
1055 3376 1252 3451 KNOXIO.

268 3608 445 3681 tornum
471 3606 659 3713 Kromna,
684 3631 730 3681 ex
758 3606 905 3702 antiqua
929 3605 1154 3680 Knoxiorum
1180 3607 1315 3684 familia
1339 3609 1377 3682 in
1402 3609 1560 3685 lenonia
1583 3606 1723 3684 Scotiae

269 3737 401 3811 ducatu
442 3737 622 3822 oriundus,
662 3732 714 3810 in'
741 3736 860 3811 schola
892 3735 1008 3832 patria
1044 3760 1135 3834 quae
1172 3747 1315 3812 tenerae
1357 3737 1467 3812 aetati
1508 3738 1723 3812 conveniunt

269 3868 400 3943 didicit.
452 3869 586 3955 Postea,
614 3893 697 3943 oum
725 3865 811 3942 effet
844 3869 957 3942 bonae
984 3865 1056 3964 spei
1082 3865 1292 3953 adolescens,
1321 3868 1367 3943 ad
1395 3866 1651 3967 philosophiam
1684 3880 1722 3944 et

267 4003 431 4077 liberales
472 4011 569 4076 artes
606 3999 859 4099 perdiscendas
900 4008 1042 4072 exteras
1076 3997 1121 4072 de
1160 4023 1259 4073 more
1299 4000 1462 4099 regiones
1503 3999 1638 4097 petiit:
1683 4001 1720 4073 in

268 4133 422 4207 Galliam
445 4132 556 4230 igitur
580 4130 833 4215 transfretavit,
864 4152 949 4241 moa¹
974 4127 1021 4202 ad
1046 4129 1228 4204 Genavam
1251 4129 1286 4204 se
1312 4130 1473 4213 contulit,
1499 4130 1561 4204 ubi
1586 4131 1720 4204 variam

267 4265 561 4363 multijugamque
588 4262 825 4338 eruditionem
848 4263 885 4335 in
910 4259 1109 4335 orthodoxe
1132 4259 1303 4358 religione
1328 4258 1392 4336 libi
1414 4261 1632 4359 comparavit
1657 4261 1720 4336 sub

267 4398 403 4495 optimo
432 4408 470 4471 et
495 4394 680 4472 clarissimo
715 4393 863 4468 doctore
891 4392 1031 4468 Joanne
1060 4391 1217 4468 Calvino.
1270 4393 1396 4469 Postea
1424 4392 1462 4466 in
1489 4392 1657 4492 angliam
1684 4392 1719 4466 se

265 4529 399 4627 recepit
440 4527 555 4604 fidelis
591 4527 659 4601 Dei
700 4526 825 4602 vineae
867 4526 1021 4610 colonus,
1065 4537 1102 4600 et
1144 4525 1194 4598 ibi
1237 4527 1326 4600 bene
1368 4525 1551 4601 inchoatos
1596 4525 1720 4602 videns

264 4661 416 4735 aliorum
447 4661 586 4736 labores
614 4659 675 4757 qui
705 4656 886 4755 religionis
914 4657 1164 4731 reformatores
1191 4668 1302 4742 erant,
1338 4656 1409 4730 imo
1436 4657 1598 4733 laborum
1625 4657 1727 4736 bue,
