4448 5964
414 544 477 605 110
816 538 880 605 DE
919 537 1262 606 SCRIPTORIBUS
1301 542 1468 608 Sco'rls.

413 752 495 802 rara
519 728 629 802 animi
655 727 845 825 prudentia
875 725 1035 802 civitae
1061 727 1277 826 integritate,
1311 727 1453 826 infignie
1481 726 1576 814 ell'et
1607 752 1777 827 magnum
1807 755 1870 805 no-

413 884 495 934 men
536 883 773 957 magnamque
805 857 948 934 laudem
983 857 1078 956 apud
1116 857 1331 934 dottiffimoa
1368 859 1525 960 quosque
1557 859 1620 935 libi
1651 860 1865 947 conciliavit,

413 993 450 1064 in
484 1000 625 1066 tantum
656 1001 697 1066 ut
723 991 839 1066 tribue
868 990 1004 1065 vicibus
1029 992 1150 1066 rector
1178 989 1413 1067 univerlitatie
1438 991 1481 1067 lit
1506 993 1651 1068 elatine
1699 994 1871 1069 Omnium

413 1121 602 1198 dodtorum
646 1146 710 1198 ora
748 1123 785 1197 in
822 1123 857 1198 se
896 1132 1115 1209 conver-tene,
1153 1122 1251 1222 leger
1290 1123 1410 1199 civiles
1443 1124 1584 1223 publice
1616 1124 1655 1200 in
1687 1127 1872 1201 academia

412 1254 615 1341 enarravit;
643 1279 716 1329 non
743 1254 838 1330 enim
865 1254 971 1329 modo
998 1253 1087 1329 alios
1114 1255 1318 1355 eloquentia
1342 1266 1379 1331 et
1405 1256 1605 1332 eruditione
1629 1257 1725 1345 vicit,
1746 1257 1809 1334 sed
1832 1270 1871 1332 et

413 1411 494 1462 curn
528 1385 707 1461 veteribus
739 1383 885 1461 certaffe
918 1385 1032 1461 videri
1063 1396 1216 1484 poterat.
1289 1388 1415 1464 Postea
1455 1389 1598 1464 Italiam
1639 1390 1759 1465 versus
1799 1391 1871 1464 iter

413 1518 571 1603 institnit
613 1518 675 1594 ubi
716 1542 799 1593 cum
835 1517 882 1592 ad
919 1518 1046 1593 urbem
1087 1516 1262 1594 Venetam
1303 1516 1459 1607 venillet,
1497 1522 1544 1596 ab
1582 1520 1736 1619 ejusdem
1769 1523 1871 1596 urhis

412 1651 534 1726 senatu
575 1648 739 1748 publicus
781 1647 979 1748 reipublice
1020 1647 1180 1724 Venetae
1222 1649 1511 1727 bibliothecarius
1555 1653 1788 1740 declaratum
1832 1654 1870 1728 in

413 1809 485 1884 quo
506 1783 622 1858 oliicio
648 1792 685 1858 et
710 1807 858 1857 munere
881 1781 1055 1866 obeundo,
1078 1780 1125 1856 ad
1144 1792 1346 1857 extremum
1368 1783 1478 1883 usque
1499 1783 1594 1860 vitae
1616 1781 1698 1860 suae
1715 1784 1870 1862 halitum

412 1917 548 1992 summa
575 1940 657 1990 cnm
690 1914 795 1989 laude
827 1909 1026 2010 permanfit.
1094 1910 1160 1985 Vir
1186 1923 1264 1989 erat
1294 1915 1503 1992 eruditionis
1536 1916 1680 1992 nomine
1713 1917 1869 1994 multum

413 2049 618 2134 laudandus,
648 2049 784 2123 Graece
814 2057 851 2121 et
880 2045 1005 2121 Latine
1039 2043 1265 2135 dottillimm,
1298 2059 1406 2146 poeta
1439 2047 1562 2137 tersus,
1594 2059 1717 2125 orator
1746 2049 1869 2126 meun-

413 2180 488 2264 dus,
527 2179 565 2253 in
597 2177 811 2253 secularibus
849 2174 963 2250 literis
1001 2173 1263 2265 eruditiffimua,
1296 2189 1335 2254 et
1366 2180 1567 2256 divinarum
1601 2181 1867 2281 Scripturarum

412 2337 483 2387 non
522 2310 715 2386 admodum
755 2311 909 2410 ignarus,
949 2307 1177 2408 philosophus
1219 2318 1257 2383 et
1297 2310 1422 2385 rhetor
1463 2308 1677 2397 clm'iffimua,
1721 2313 1866 2412 ingenio

412 2443 548 2517 subtilis
573 2455 610 2516 et
639 2439 788 2518 disertus
813 2438 965 2539 eloquio,
989 2450 1106 2516 metro
1132 2438 1348 2516 exercitatus
1371 2453 1408 2516 et
1438 2441 1549 2541 prosa
1599 2441 1742 2541 Scripfit
1767 2453 1866 2520 utro·

413 2599 482 2673 que
510 2597 640 2673 genere
670 2571 844 2670 quaedam
866 2594 945 2646 non
977 2570 1174 2669 spernenda
1205 2570 1381 2670 opuscula,
1412 2571 1541 2672 quibua
1572 2574 1784 2650 memoriam
1812 2574 1865 2651 sui

412 2704 557 2802 posteris
573 2701 844 2788 commendavit
862 2701 906 2776 de
923 2724 1076 2800 quorum
1091 2724 1242 2777 numero
1257 2701 1416 2801 subjecta
1430 2704 1615 2781 feruntur:

561 2836 604 2909 In
620 2833 846 2909 Aristotelem
862 2832 1101 2909 Commentar.

558 2966 602 3041 In
612 2965 852 3040 Institutiones
860 2963 1050 3039 iustiniani
1059 2962 1340 3039 Dilucidationes
1350 2974 1387 3039 et
1396 2966 1515 3040 variae
1525 2965 1863 3042 Animadversionea

560 3097 732 3173 Poemata
746 3097 834 3173 item
852 3096 959 3184 varia,
976 3097 1085 3173 dotto
1101 3104 1139 3171 et
1153 3094 1306 3170 facundo
1322 3093 1418 3193 stylo,
1436 3104 1474 3170 et
1489 3095 1686 3171 Orationea

412 3233 568 3305 Naturae
599 3227 695 3303 cellit
723 3253 817 3304 anno
845 3228 1042 3304 dominicae
1070 3224 1323 3302 incarnationis
1350 3228 1457 3312 1559,
1487 3224 1573 3300 dum
1602 3225 1733 3302 Scotici
1763 3228 1865 3325 regni

405 3363 587 3458 l'ceptrum
603 3385 729 3459 parum
747 3360 898 3435 feliciter
914 3385 937 3436 a
951 3358 1068 3435 Maria
1082 3364 1275 3434 teneretur.

820 3656 886 3730 DE
911 3655 1129 3732 HENRICO
1155 3650 1447 3728 SCRIMGERO.

412 3887 609 3961 Hannlcus
657 3887 910 3971 scemenum,
960 3885 1088 3958 Scotue
1128 3883 1282 3970 natione,
1325 3906 1371 3956 ex
1411 3879 1535 3957 illullri
1582 3884 1866 3983 Scrimgerorum

410 4016 544 4092 familia
573 4017 610 4090 in
638 4015 794 4114 Angulia
822 4026 930 4101 ortua,
957 4015 1140 4114 postquam
1166 4014 1246 4089 luae
1275 4012 1485 4089 eruditionis
1512 4013 1678 4091 tirocinia
1706 4017 1745 4090 in
1770 4018 1867 4094 alma

411 4147 603 4222 Academia
637 4147 939 4245 Andreapolitana
970 4144 1176 4232 absolvillet,
1215 4143 1442 4219 humaniores
1473 4143 1605 4232 literas,
1639 4146 1795 4222 Graecas
1814 4160 1866 4225 vet

411 4281 563 4365 latinas,
594 4290 690 4354 artes
704 4304 706 4308 ⁴
719 4279 828 4354 etiam
856 4278 1029 4364 liberales,
1059 4301 1189 4376 magno
1215 4300 1297 4349 cum
1326 4274 1447 4351 fructu
1476 4274 1657 4363 didicillet,
1687 4304 1710 4353 a
1737 4304 1864 4378 paren-

411 4413 514 4496 tibus,
543 4423 621 4486 erat
650 4419 771 4484 autem
796 4409 1041 4485 constabularii
1070 4406 1269 4482 Deidonani
1301 4406 1404 4493 filius,
1434 4408 1472 4481 in
1496 4408 1650 4484 Galliam
1674 4410 1723 4485 est
1752 4412 1864 4487 nans·

410 4542 551 4628 minue
586 4553 623 4618 et
656 4566 701 4616 ne
734 4542 772 4615 in
805 4567 848 4617 ea
888 4538 1173 4640 peregrinatione
1205 4549 1346 4637 tempus
1377 4551 1561 4615 conterere
1598 4541 1787 4631 videretm,
1825 4545 1863 4619 in

408 4679 504 4753 alma
530 4673 724 4750 Academia
749 4670 929 4750 Parifienfi
953 4671 1049 4771 apud
1075 4669 1289 4756 Tumehum,
1311 4670 1374 4768 qui
1398 4671 1506 4747 etiam
1533 4672 1640 4748 Scoto
1664 4698 1732 4748 avo
1757 4688 1862 4752 natue

410 4820 497 4894 erat,
531 4805 680 4880 Petrum
713 4803 879 4890 Remum,
912 4797 1191 4887 Genebrardum.
1231 4801 1426 4889 Budaeum,
1463 4812 1501 4876 et
1533 4802 1622 4880 alioa
1653 4805 1749 4879 viros
1780 4806 1862 4881 doc·
