4470 5962
794 532 859 597 DE
900 532 1243 598 SCRIPTORIBUS
1279 535 1446 603 SCOTIS.
1779 541 1844 622 117

400 717 625 794 Bibliotheca
653 715 764 815 polita
796 717 874 805 fuit,
903 727 942 793 et
969 717 1007 791 in
1033 718 1128 793 hrmc
1161 720 1269 820 usque
1303 721 1397 796 diem
1431 721 1656 798 conservatur
1686 748 1709 799 a
1734 726 1851 822 ponti·

398 851 474 926 lice.
535 850 601 923 Vir
629 860 707 924 erat
736 848 774 923 in
800 848 1010 925 humaniore
1039 849 1227 926 literatura
1253 852 1357 949 supra
1389 853 1572 950 vulgarem
1601 879 1737 931 morem
1769 880 1849 932 cru·

397 980 502 1067 ditus,
537 991 644 1077 poeta
681 1003 753 1054 non
790 979 956 1078 vulgaris,
997 992 1120 1055 orator
1157 982 1317 1068 disertus,
1356 983 1584 1083 philosophus
1624 985 1847 1075 acutissimus,

398 1111 489 1188 acris
517 1111 659 1209 ingenii,
689 1109 789 1185 solidi
810 1110 947 1209 judicii,
976 1110 1132 1187 summae
1161 1113 1378 1202 eruditionis
1408 1115 1504 1213 paris
1533 1115 1766 1216 eloquentiae,
1795 1118 1848 1194 iu·

397 1241 576 1317 credibilis
608 1241 797 1316 industriae
824 1251 861 1315 et
890 1241 1045 1317 laboris:
1079 1242 1241 1341 denique,
1277 1243 1315 1317 in
1349 1244 1446 1318 omni
1474 1245 1631 1322 melioris
1664 1247 1847 1324 destrinae

396 1398 527 1473 genere
568 1382 706 1447 tantam
747 1372 953 1448 consecutus
994 1373 1044 1447 est
1084 1374 1348 1470 perlectionem,
1390 1385 1432 1448 ut
1470 1375 1565 1452 inter
1600 1377 1847 1457 eruditiffimos

396 1504 524 1579 aetatis
556 1502 638 1577 suae
671 1501 766 1577 viros
798 1526 870 1577 non
902 1502 1080 1579 immerito
1116 1501 1200 1578 elset
1235 1507 1483 1581 numerandus.
1533 1505 1695 1606 Reliquit
1732 1509 1846 1585 multa

398 1636 539 1734 egregie
566 1634 703 1710 calamo
737 1644 916 1719 annotata,
949 1636 1054 1733 plura
1086 1634 1229 1733 quidem
1260 1634 1375 1710 multo
1409 1646 1445 1711 et
1478 1635 1614 1733 majora
1642 1638 1844 1726 relitturus,

396 1766 459 1840 nifi
491 1777 606 1840 morte
639 1766 825 1864 repentina
854 1765 972 1841 firilset
1002 1776 1224 1864 praeventus,
1267 1791 1359 1864 quae
1392 1768 1501 1843 docta
1536 1791 1618 1844 eum
1660 1770 1843 1868 voluptate

395 1899 530 1996 legeret
545 1898 736 1997 posteritas,
754 1899 942 1997 praecipue
958 1900 1046 1974 haec
1064 1927 1072 1973 :

543 2028 731 2102 Orationes
746 2028 924 2126 quasdam.

545 2156 672 2232 Theses
689 2156 867 2256 quasdam.

543 2288 710 2365 Carmina
725 2289 832 2366 varia
1392 2367 1401 2378 .

396 2418 533 2493 Claruit
574 2444 667 2494 anno
710 2421 894 2499 intimatae
931 2421 1027 2519 pacis
1069 2419 1292 2520 evangelicae
1332 2423 1439 2508 1582,
1475 2421 1539 2499 sub
1577 2422 1717 2500 Scotiae
1757 2450 1842 2525 rege

394 2549 530 2625 Jacobo
548 2550 668 2626 Sexte.

842 2851 909 2925 DE
932 2848 1119 2927 JACOBO
1144 2846 1413 2923 ΙΑΑΠΒΟΝΙΟ.4

393 3079 562 3154 Jaconus
593 3079 818 3166 Lausoruus,
848 3079 1056 3156 eccleliastes
1083 3073 1299 3178 profeffione,
1332 3073 1477 3150 natione
1509 3075 1645 3162 Scotus,
1675 3104 1699 3183 a
1725 3081 1842 3178 prima

225 3275 228 3280 .
387 3212 576 3308 juventute
607 3211 645 3284 in
678 3211 798 3287 studiis
825 3213 1009 3297 virtutum,
1043 3208 1195 3309 pietatis,
1224 3218 1261 3281 et
1287 3209 1463 3281 bonarum
1490 3207 1675 3283 literarum
1708 3213 1841 3309 optime

392 3342 579 3430 enutritus,
621 3343 795 3417 maturior
834 3343 951 3419 salitus
987 3339 1185 3418 incredibili
1220 3337 1446 3415 scientiarum
1482 3338 1720 3415 inflammatus
1757 3342 1843 3417 deli·

392 3473 491 3547 derio
519 3473 623 3571 petiit
651 3473 880 3549 Academiam
907 3471 1255 3571 Andreapolitanam,
1290 3468 1362 3554 ubi,
1395 3468 1577 3567 postquam
1608 3470 1653 3544 ad
1680 3472 1843 3549 humani·

393 3604 465 3678 oris
490 3604 695 3678 literaturae
721 3603 959 3703 cognitionem
984 3598 1194 3701 adjunxisset
1219 3597 1485 3697 philosophiam,
1511 3603 1639 3676 exano
1666 3603 1843 3681 curriculo

392 3735 594 3822 studiorum,
624 3735 812 3834 magisterii
838 3736 960 3810 laurea
985 3734 1147 3807 donatur.
1208 3730 1302 3802 Hinc
1330 3730 1547 3827 praeclaram
1572 3731 1737 3821 indolem,
1769 3736 1843 3810 exi-

389 3867 479 3940 mias
511 3867 670 3953 virtutes,
700 3877 738 3942 et
770 3868 843 3941 alta
876 3877 1024 3941 naturae
1052 3866 1147 3938 dona
1178 3860 1367 3959 diligenter
1396 3862 1492 3935 omni
1524 3863 1662 3938 liberali
1694 3876 1773 3940 arte
1806 3877 1843 3942 et

389 3997 535 4072 scientia
560 3997 724 4072 excoluit.
804 3996 1086 4073 Adolescentiam
1114 3993 1212 4069 ficuti
1241 4002 1279 4067 et
1308 3992 1447 4067 virilem
1475 4004 1631 4069 aetatem
1660 3994 1697 4067 in
1726 3998 1843 4094 patria

388 4127 569 4227 transegit,
598 4128 836 4225 nequeenim
866 4153 949 4202 eum
977 4151 1134 4227 unquam
1160 4122 1301 4199 Scotiae
1330 4124 1418 4198 fines
1447 4122 1620 4222 egressum
1653 4124 1752 4202 lirill'e
1784 4153 1841 4205 ac-

388 4260 556 4357 cepimus,
585 4258 648 4333 nili
679 4260 774 4356 quod
803 4260 841 4332 in
869 4258 1046 4357 Angliam‚
1076 4282 1157 4332 cum
1186 4253 1360 4352 Anguliae
1390 4265 1427 4330 et
1458 4254 1611 4329 Martiae
1643 4257 1840 4347 comitibus,

389 4400 427 4465 et
459 4390 538 4463 aliis
570 4389 743 4474 ministris,
781 4391 828 4464 ad
857 4400 999 4487 tempus
1026 4385 1230 4473 secesseram
1264 4385 1325 4461 ubi
1358 4397 1455 4460 certe
1488 4396 1671 4484 magnates
1704 4398 1741 4463 et
1775 4389 1842 4467 viri

387 4521 537 4595 illustres
566 4520 719 4618 plurimi,
744 4523 790 4596 ob
817 4519 986 4618 infignem
1016 4545 1087 4618 qua
1113 4519 1295 4616 praeditus
1321 4518 1390 4593 fuit
1418 4518 1664 4605 eruditionem,
1695 4544 1779 4596 eum
1803 4523 1842 4597 in

387 4650 531 4725 summis
572 4648 706 4724 deliciis
743 4649 954 4725 habuerrmt.
1020 4651 1112 4724 Cum
1144 4660 1266 4724 autem
1298 4673 1363 4747 per
1401 4659 1556 4724 aetatem
1590 4647 1767 4747 judicium
1806 4653 1841 4728 ei

386 4778 646 4868 maturesceret,
671 4780 706 4856 se
732 4791 849 4857 totum
871 4780 1000 4877 divinis
1021 4779 1235 4882 mancipavit
1261 4781 1437 4881 obsequiis
1468 4793 1505 4859 et
1537 4780 1718 4861 sacrarum
1748 4784 1845 4863 liter·
