4470 5962
1322 404 1330 447 l

665 513 730 579 DE
768 511 1112 581 SCRIPTORIBUS
1150 516 1319 583 scorta.
1689 523 1733 589 63

262 700 308 777 do
341 710 469 777 acutus
491 724 535 775 ac
566 710 740 785 maturus,
766 709 804 774 et
831 698 869 775 in
894 699 1077 777 sententiis
1097 704 1225 802 gravis.
1277 705 1397 791 Quum
1411 664 1606 804 ¹politiores
1628 709 1726 783 liter·

263 859 302 909 as
325 832 508 931 utriusque
531 833 684 931 linguae,
710 844 747 908 et
771 832 916 931 poeseos
937 834 1090 909 studium
1111 860 1242 934 magna
1266 837 1400 935 ingenii
1425 838 1638 914 dexteritate
1664 866 1724 915 ex-

263 964 430 1053 coluisset,
448 964 709 1065 perscrutandis
729 965 857 1041 divinis
878 965 991 1040 literis
1012 967 1186 1065 reliquam
1210 979 1366 1043 aetatem
1389 982 1426 1045 et
1448 995 1594 1068 operam
1615 974 1722 1047 dedit.

118 1123 123 1131 ·
260 1102 302 1174 In
328 1099 482 1174 hicnon
511 1099 696 1197 vulgarem
720 1097 921 1195 profectum
954 1097 1168 1185 consecutus,
1194 1101 1353 1197 probatis
1377 1101 1534 1176 moribus
1564 1114 1600 1175 et
1631 1104 1723 1178 vitae

262 1233 467 1333 integritate
492 1233 588 1331 apud
611 1231 769 1306 eruditos
796 1240 833 1304 et
859 1230 936 1328 pios
963 1229 1119 1327 quosque
1144 1256 1309 1329 magnam
1341 1231 1392 1305 sui
1422 1232 1574 1306 nominis
1600 1258 1723 1307 vener·
1827 1265 1830 1271 ¹

259 1364 414 1440 monem
442 1363 649 1463 promeruit.
701 1362 767 1435 Vir
798 1361 886 1461 pius,
915 1362 1052 1446 doctus,
1078 1362 1206 1459 gravis,
1233 1363 1417 1449 modestus,
1445 1373 1483 1437 et
1507 1366 1721 1441 auctoritate

260 1497 395 1594 plenus,
429 1497 585 1595 prudens
618 1505 656 1570 et
688 1494 864 1578 cordatus.
898 1502 1046 1590 propter
1079 1493 1246 1591 quasdam
1275 1494 1354 1569 suus
1387 1493 1537 1593 insigues
1570 1506 1720 1573 naturae

260 1630 362 1703 dotes
386 1638 491 1727 aptus
512 1629 570 1702 ad·
583 1628 788 1726 regendum,
812 1625 872 1700 sed
892 1633 1040 1722 propter
1065 1624 1195 1699 mentis
1223 1649 1382 1710 acumen,
1413 1625 1499 1700 felix
1526 1627 1718 1724 ingenium,

260 1771 297 1835 et
323 1759 537 1858 propensum
563 1760 611 1834 ad
638 1761 750 1833 bonae
778 1768 874 1831 artes
899 1755 1069 1842 animum,
1102 1756 1219 1831 multo
1250 1758 1364 1855 magis
1392 1757 1540 1833 idoneus
1572 1760 1618 1835 ud
1650 1760 1719 1835 ttu-

261 1891 425 1966 dendum.
492 1890 642 1966 Addidit
679 1889 837 1964 stimulos
870 1898 907 1962 et
940 1887 1037 1986 quali
1070 1899 1272 1964 currentem
1306 1890 1466 1965 incitavit
1499 1892 1545 1967 ad
1577 1892 1718 1968 cursum

216 2058 219 2065 ¹
260 2025 407 2100 Carolus
439 2025 644 2122 imperator,
672 2022 733 2120 qui
763 2021 919 2097 Galliam
951 2045 1024 2095 non
1053 2022 1170 2097 minus
1199 2022 1312 2097 literis
1345 2048 1453 2122 quam
1485 2024 1594 2099 armis
1623 2024 1717 2098 illus·

259 2168 355 2233 trare
381 2156 557 2255 cupiebat,
590 2154 806 2252 reipublicae
840 2152 1020 2227 literuriae
1053 2153 1263 2252 praesidium
1292 2156 1476 2254 tingrdare,
1505 2181 1627 2231 rarum
1657 2157 1716 2231 de-
1872 2242 1878 2257 ἱ

259 2316 321 2365 cue
348 2300 387 2365 et
414 2299 675 2365 ornamentum.
727 2287 873 2360 Nullum
903 2285 1013 2383 igitur
1042 2310 1115 2360 non
1143 2286 1256 2362 movit
1285 2287 1440 2386 lapidem
1466 2298 1508 2362 ut
1537 2287 1716 2363 beneficiis

259 2423 351 2499 tanti
383 2423 534 2521 patroni,
570 2420 688 2519 quoad
729 2417 850 2517 posset
890 2415 1128 2516 responderet,
1169 2418 1312 2517 ejusque
1344 2419 1585 2517 expediationi
1617 2419 1716 2495 satia·

258 2557 399 2631 faceret
468 2554 538 2628 Hic
571 2552 740 2628 Claudius
773 2551 833 2625 ille
867 2561 953 2637 erat
995 2548 1057 2646 qui
1095 2548 1133 2624 in
1165 2548 1244 2625 soro
1264 2549 1440 2625 ‘Lutetiae
1478 2550 1714 2629 eruditionem

258 2687 421 2764 omnibus
445 2686 607 2761 venalem
631 2682 823 2783 proposuit
848 2681 1008 2778 nihilque
1036 2678 1209 2755 mercedis
1237 2679 1315 2755 loco
1343 2689 1487 2779 praeter
1512 2681 1649 2757 victum
1676 2692 1713 2757 et

259 2820 369 2896 vetica
400 2817 608 2918 repoposcit.
671 2816 798 2891 Sanxit
830 2815 913 2888 inde
940 2811 1089 2890 Carolus
1120 2836 1195 2898 rex,
1229 2823 1271 2887 ut
1303 2812 1470 2910 deinceps
1498 2812 1712 2911 linguarum,

258 2952 507 3052 philosophiae,
533 2975 575 3025 ac
600 2948 801 3046 theologiae
827 2944 1044 3046 gymnasium
1070 2942 1143 3017 illic
1172 2944 1334 3020 Lutetiae
1360 2942 1455 3029 esset,
1479 2953 1518 3020 et
1542 2954 1584 3018 ut
1608 2944 1713 3019 Clau·

256 3086 336 3161 diua
362 3085 400 3160 in
425 3109 468 3159 eo
494 3081 752 3181 praelettiones
777 3078 960 3176 inciperet
1015 3075 1139 3149 Edidit
1164 3075 1260 3152 inter
1283 3077 1353 3152 alia
1376 3076 1561 3153 dodrinae
1586 3101 1712 3151 monu-

256 3228 387 3305 menta,
404 3216 451 3292 ad
466 3215 701 3292 Christianam
717 3211 925 3311 religionem
940 3207 1166 3309 pertineut'a

404 3345 688 3424 Commentarios
703 3345 741 3418 in
758 3343 992 3427 Matthaem,
1010 3340 1069 3416 lib.
1087 3362 1144 3415 111.

380 3468 384 3475 ⁵
403 3483 447 3556 In
464 3478 757 3564 Pentateuchum,
775 3476 835 3553 lib.
851 3497 890 3549 v.
921 3570 924 3575 ,

399 3614 444 3689 In
460 3611 590 3712 Gapita
603 3612 628 3686 J
629 3610 784 3696 udicum,
800 3608 860 3684 lib.
878 3630 904 3682 1.

403 3745 657 3822 Enarrationea
672 3743 711 3817 in
726 3741 839 3827 Ruth,
854 3739 916 3813 lib.
933 3758 958 3809 1.
1091 3740 1094 3748 '

403 3879 519 3977 Super
534 3874 756 3961 Psalterium,
772 3873 833 3948 lib.
851 3893 877 3944 1.

402 4014 447 4089 ln
463 4035 586 4087 omnes
601 4009 773 4107 Epistulas
790 4005 903 4090 Pauli,
920 4002 980 4076 lib.
997 4019 1080 4075 xrv.

401 4147 446 4222 ln
462 4142 765 4241 Evangelistarum
781 4134 1025 4219 concordiam,
1042 4130 1103 4205 lib.
1121 4150 1147 4203 1.

399 4276 607 4353 Memoriale
624 4274 868 4359 Historiarum,
884 4269 945 4343 lib.
959 4287 987 4341 ι

400 4410 584 4485 Summam
601 4406 789 4507 quandam,
806 4404 867 4479 lib.
884 4423 910 4475 1.
999 4385 1002 4390 ’

399 4541 572 4616 Romilius
588 4562 741 4638 quoque,
757 4538 818 4612 lib.
835 4558 861 4609 1.

248 4675 387 4753 Claruit
427 4700 521 4753 anno
561 4673 759 4749 communis
800 4669 920 4745 salutis
952 4666 1038 4762 796,
1079 4671 1165 4745 dmn
1207 4666 1337 4743 Sootici
1378 4670 1479 4768 regni
1522 4672 1699 4770 sceptm
