4470 5962
811 503 877 568 Du
910 500 1255 568 SCRIPTORIBUS
1288 499 1456 565 scolis.

720 708 838 788 Segnior
851 715 885 766 ut
897 708 975 767 lento
987 706 1138 766 sceleratas
1149 723 1226 764 mors
1238 704 1311 783 petit
1322 701 1418 772 aedes,
1463 710 1466 715 '

761 820 813 897 sie,
823 838 944 900 propero
956 818 1043 879 nimis
1054 817 1079 878 it
1091 817 1144 878 sub
1156 816 1206 896 pia
1218 824 1296 876 tecta
1306 814 1406 896 gradu.

871 1122 937 1196 DE
962 1122 1215 1199 MIOHAELE
1241 1125 1401 1202 SOOTO.

408 1360 590 1435 Mrcnam
635 1357 788 1442 ὃοοτιιε,
832 1366 1068 1455 cognomento
1114 1357 1242 1457 Magus
1282 1357 1344 1434 seu
1384 1356 1668 1444 Mathematicus,
1714 1357 1868 1433 Michael

408 1492 568 1566 Medicus
596 1489 706 1565 etiam
736 1488 863 1574 ditius,
896 1513 1027 1588 genere
1057 1500 1095 1564 et
1124 1490 1268 1566 natione
1297 1490 1434 1576 Scotus,
1465 1514 1669 1589 quanquam
1698 1500 1754 1565 tot
1782 1489 1869 1565 viris

409 1623 524 1698 doctis
558 1621 704 1697 unicum
736 1621 842 1696 unius
875 1621 1022 1696 lelandi
1054 1634 1236 1720 opponant
1269 1622 1509 1698 testimonium
1548 1621 1694 1720 qnidam
1726 1621 1869 1723 Anglici

410 1754 626 1853 scriptores3
660 1763 768 1852 atque
794 1753 863 1828 hac
889 1754 998 1828 etiam
1026 1754 1072 1830 de
1100 1753 1214 1842 causa,
1242 1754 1455 1830 Michaelem
1480 1755 1668 1841 medicum,
1698 1755 1796 1852 quod
1821 1757 1870 1831 ab

409 1885 574 1962 omnibus
608 1885 717 1972 Scoti,
751 1910 824 1960 non
857 1895 978 1960 autem
1011 1886 1154 1984 Anglioi
1182 1887 1374 1986 cujusdam,
1404 1887 1481 1984 ejus
1509 1884 1642 1986 scripta
1671 1887 1883 1973 habeantur,

410 2017 632 2094 aMichaele
660 2017 768 2108 Scoto
798 2016 974 2092 diversum
1000 2015 1186 2093 somniant.
1248 2017 1320 2095 Sed
1345 2019 1435 2095 haec
1459 2019 1558 2095 alias.
1618 2018 1688 2095 Hic
1716 2019 1871 2095 Michael

411 2155 456 2228 ab
489 2152 564 2250 ipsc
592 2151 722 2251 puerili
751 2160 870 2226 aetate
898 2150 937 2225 in
971 2150 1083 2225 literis
1112 2150 1250 2226 utiliter
1283 2151 1454 2227 educatus
1481 2162 1580 2227 erat:
1613 2150 1872 2228 maturescente

411 2296 533 2360 autem
572 2293 701 2371 aetate,
748 2282 960 2358 celebriores
992 2281 1199 2368 academias,
1239 2293 1280 2357 ut
1315 2284 1468 2383 majores
1498 2283 1633 2360 faceret
1664 2284 1705 2359 in
1735 2285 1873 2361 artibus

412 2416 618 2494 liberalibus
645 2413 854 2516 progressus,
888 2414 1040 2515 impiger
1071 2415 1203 2514 petiit;
1237 2414 1416 2489 Oxonium
1448 2413 1561 2513 igitur
1588 2415 1714 2513 primo,
1744 2415 1872 2492 deinde

412 2549 592 2624 Lutetiam
630 2548 675 2623 de
712 2571 812 2623 more
850 2547 948 2635 adiit,
990 2546 1052 2622 ubi
1093 2571 1224 2646 magno
1260 2571 1345 2623 cum
1378 2547 1503 2624 frusto
1538 2547 1799 2625 mathematicis
1835 2560 1874 2623 et

412 2678 664 2779 philosophicis
687 2678 842 2756 scientiis
869 2703 1016 2779 operam
1044 2678 1197 2766 navavit,
1223 2688 1261 2754 et
1284 2679 1485 2778 astrologus
1508 2680 1618 2755 etiam
1645 2678 1874 2780 peritissimus

414 2810 529 2888 evafit.
593 2812 797 2911 Peragratis
826 2821 947 2887 autem
976 2811 1099 2886 multis
1126 2810 1339 2909 regionibus,
1372 2821 1410 2887 et
1437 2808 1587 2887 visitatis
1614 2812 1722 2888 variis
1749 2812 1875 2889 acade-

414 2942 504 3029 miis,
540 2966 607 3040 pro
640 2941 872 3041 adipiscendis
912 2941 1066 3016 scientiis
1106 2943 1336 3030 naturalibm,
1376 2953 1413 3017 et
1449 2968 1516 3042 pro
1556 2942 1768 3044 lingrmrum,
1801 2970 1874 3023 non

414 3085 556 3150 tantum
573 3076 732 3151 Graecae
755 3083 794 3150 et
818 3074 1015 3162 Hebraeae,
1036 3073 1096 3149 sed
1113 3075 1288 3151 Arabicae
1314 3075 1424 3152 etiam
1448 3086 1486 3152 et
1508 3077 1729 3166 chaldaicae,
1755 3079 1876 3179 cogni-

416 3207 523 3293 tione,
551 3217 589 3282 et
615 3217 657 3281 ut
683 3231 768 3281 eum
796 3230 868 3281 non
898 3207 1095 3305 effugerent
1122 3205 1193 3292 illa
1223 3230 1315 3303 quae
1343 3206 1388 3282 de
1416 3208 1525 3282 rebus
1549 3208 1810 3286 mathematicis
1837 3210 1877 3286 in

417 3363 628 3438 quacunque
656 3339 778 3437 lingua
803 3338 932 3437 scripta
958 3337 1061 3425 sunt;
1090 3337 1185 3412 unde
1213 3337 1386 3436 temporis
1411 3335 1565 3414 successu
1587 3339 1725 3417 auum
1749 3342 1808 3429 est,
1834 3353 1877 3418 ut

417 3495 561 3547 omnem
602 3470 788 3546 cultiorem
828 3470 1060 3554 literaturam,
1102 3493 1224 3545 omnes
1262 3479 1358 3544 artes
1399 3469 1573 3558 liberales,
1607 3473 1878 3551 mathematicas

419 3614 514 3678 artes
536 3627 668 3688 omnes,
694 3625 838 3677 omnem
861 3601 1118 3701 philosophiam
1140 3611 1284 3677 acurate
1309 3612 1459 3688 teneret,
1482 3602 1636 3702 denique
1660 3604 1879 3706 theologiam

421 3746 458 3810 et
480 3736 654 3811 medicam
679 3746 794 3810 artem
823 3735 917 3811 hisce
945 3735 1111 3810 omnibus
1136 3733 1294 3809 adderet.
1346 3732 1436 3807 Dira
1460 3732 1522 3808 illa
1548 3734 1705 3822 vulnera,
1731 3737 1878 3835 lepram,

421 3868 624 3966 podagram,
659 3866 856 3966 hydroplin,
895 3867 1034 3966 aliaque
1053 3863 1276 3942 insanabilia
1308 3865 1466 3963 corporis
1499 3866 1672 3965 contagia,
1706 3878 1784 3944 arte
1816 3867 1880 3946 sua

422 3999 570 4074 mirifice
602 4010 640 4074 et
666 4000 775 4086 nullo,
805 4011 847 4073 ut
878 3999 1072 4085 videbatur,
1101 3995 1255 4096 negotio,
1285 3993 1446 4071 sustulit:
1479 3998 1760 4089 chiromantiam‚
1791 4003 1881 4102 phy·
1969 4017 1973 4024 “

423 4131 661 4231 liognomiam,
690 4130 912 4231 astrologiam
940 4130 1150 4216 naturalem,
1183 4152 1266 4202 cum
1298 4128 1614 4227 periaxiomatibus
1646 4133 1691 4208 de
1723 4133 1882 4212 faciebus

425 4262 611 4363 lignorum,
648 4273 686 4338 et
718 4262 912 4339 canonibus
945 4262 989 4336 de
1026 4259 1316 4360 aegnsudinibus,
1359 4259 1501 4360 insignis
1540 4261 1599 4337 hic
1639 4266 1883 4363 promanticus

428 4395 516 4469 tdeo
550 4393 687 4480 diserte,
721 4404 762 4468 ut
795 4392 968 4490 nusquam
995 4391 1069 4466 fere
1103 4391 1194 4468 alius
1227 4389 1421 4489 quisquam,
1455 4393 1587 4469 calluit.
1655 4396 1714 4470 Ad
1743 4397 1882 4475 theolo-

428 4526 524 4623 giam
549 4537 671 4600 autem
697 4526 792 4623 quod
819 4523 958 4614 attinet,
987 4522 1025 4597 in
1052 4549 1096 4598 ea
1124 4521 1232 4597 etiam
1261 4533 1400 4599 tantam
1427 4524 1609 4623 acquisivit
1631 4528 1882 4628 cognitionem,

430 4668 472 4733 ut
505 4683 528 4731 a
560 4656 767 4753 quibusdam
799 4655 931 4729 citetur
961 4665 1132 4752 tanquam
1164 4655 1389 4732 austoritatis
1414 4682 1564 4756 magnae
1592 4659 1883 4738 eminentiffimus

431 4787 628 4887 theologus.
704 4787 867 4886 Denique
909 4786 998 4861 nihil
1039 4787 1217 4885 reliquum
1254 4788 1387 4864 fecerat
1422 4790 1468 4865 ad
1501 4791 1682 4869 hominem
1715 4795 1753 4869 in
1786 4797 1884 4871 omni
