<?xml version="1.0" encoding="UTF-8"?>
<!DOCTYPE html PUBLIC "-//W3C//DTD XHTML 1.0 Transitional//EN"
    "http://www.w3.org/TR/xhtml1/DTD/xhtml1-transitional.dtd">
<html xmlns="http://www.w3.org/1999/xhtml" xml:lang="en" lang="en">
 <head>
  <title>
</title>
<meta http-equiv="Content-Type" content="text/html;charset=utf-8" />
  <meta name='ocr-system' content='tesseract 3.04.00' />
  <meta name='ocr-capabilities' content='ocr_page ocr_carea ocr_par ocr_line ocrx_word'/>
</head>
<body>
  <div class='ocr_page' id='page_1' title='image "./davidisbuchanan00irvigoog_0084.png"; bbox 0 0 4470 5962; ppageno 0'>
   <div class='ocr_carea' id='block_1_1' title="bbox 413 499 1455 610">
    <p class='ocr_par' dir='ltr' id='par_1_1' title="bbox 413 499 1455 610">
     <span class='ocr_line' id='line_1_1' title="bbox 413 499 1455 610; baseline -0.015 0"><span class='ocrx_word' id='word_1_1' title='bbox 413 542 457 610; x_wconf 82' lang='lat' dir='ltr'>so</span> <span class='ocrx_word' id='word_1_2' title='bbox 514 499 516 503; x_wconf 34' lang='lat'><strong><em>¹</em></strong></span> <span class='ocrx_word' id='word_1_3' title='bbox 809 535 875 601; x_wconf 83' lang='lat' dir='ltr'>ou</span> <span class='ocrx_word' id='word_1_4' title='bbox 911 532 1254 601; x_wconf 76' lang='lat' dir='ltr'>sonrrroumus</span> <span class='ocrx_word' id='word_1_5' title='bbox 1285 533 1455 600; x_wconf 80' lang='lat' dir='ltr'>scoms.</span> 
     </span>
    </p>
   </div>
   <div class='ocr_carea' id='block_1_2' title="bbox 416 719 1928 4904">
    <p class='ocr_par' dir='ltr' id='par_1_2' title="bbox 416 719 1928 3992">
     <span class='ocr_line' id='line_1_2' title="bbox 417 719 1872 824; baseline -0.002 -21"><span class='ocrx_word' id='word_1_6' title='bbox 417 729 522 804; x_wconf 83' lang='lat' dir='ltr'>sacris</span> <span class='ocrx_word' id='word_1_7' title='bbox 546 726 748 824; x_wconf 87' lang='lat' dir='ltr'>Scripturis,</span> <span class='ocrx_word' id='word_1_8' title='bbox 780 721 972 798; x_wconf 88' lang='lat' dir='ltr'>sedetiam</span> <span class='ocrx_word' id='word_1_9' title='bbox 1002 722 1040 795; x_wconf 91' lang='lat' dir='ltr'>in</span> <span class='ocrx_word' id='word_1_10' title='bbox 1068 719 1283 797; x_wconf 82' lang='lat' dir='ltr'>secularibus</span> <span class='ocrx_word' id='word_1_11' title='bbox 1306 721 1420 797; x_wconf 83' lang='lat' dir='ltr'>literis</span> <span class='ocrx_word' id='word_1_12' title='bbox 1444 720 1669 798; x_wconf 79' lang='lat' dir='ltr'>omnifariam</span> <span class='ocrx_word' id='word_1_13' title='bbox 1696 726 1872 813; x_wconf 87' lang='lat' dir='ltr'>erudivit;</span> 
     </span>
     <span class='ocr_line' id='line_1_3' title="bbox 416 853 1875 940; baseline -0.001 -5"><span class='ocrx_word' id='word_1_14' title='bbox 416 886 482 935; x_wconf 89' lang='lat' dir='ltr'>nec</span> <span class='ocrx_word' id='word_1_15' title='bbox 510 858 623 934; x_wconf 92' lang='lat' dir='ltr'>solum</span> <span class='ocrx_word' id='word_1_16' title='bbox 657 854 840 932; x_wconf 86' lang='lat' dir='ltr'>Fuldeufis</span> <span class='ocrx_word' id='word_1_17' title='bbox 873 853 1035 929; x_wconf 91' lang='lat' dir='ltr'>coenobii</span> <span class='ocrx_word' id='word_1_18' title='bbox 1067 853 1268 940; x_wconf 85' lang='lat' dir='ltr'>monachos,</span> <span class='ocrx_word' id='word_1_19' title='bbox 1300 853 1362 930; x_wconf 79' lang='lat' dir='ltr'>sed</span> <span class='ocrx_word' id='word_1_20' title='bbox 1393 853 1503 930; x_wconf 81' lang='lat' dir='ltr'>etiam</span> <span class='ocrx_word' id='word_1_21' title='bbox 1535 880 1582 929; x_wconf 89' lang='lat' dir='ltr'>ex</span> <span class='ocrx_word' id='word_1_22' title='bbox 1614 856 1756 933; x_wconf 83' lang='lat' dir='ltr'>diversis</span> <span class='ocrx_word' id='word_1_23' title='bbox 1788 859 1875 934; x_wconf 89' lang='lat' dir='ltr'>locis</span> 
     </span>
     <span class='ocr_line' id='line_1_4' title="bbox 416 985 1876 1089; baseline -0.001 -22"><span class='ocrx_word' id='word_1_24' title='bbox 416 993 494 1067; x_wconf 89' lang='lat' dir='ltr'>aliis</span> <span class='ocrx_word' id='word_1_25' title='bbox 526 992 572 1066; x_wconf 81' lang='lat' dir='ltr'>ud</span> <span class='ocrx_word' id='word_1_26' title='bbox 605 989 641 1064; x_wconf 91' lang='lat' dir='ltr'>se</span> <span class='ocrx_word' id='word_1_27' title='bbox 674 985 899 1073; x_wconf 83' lang='lat' dir='ltr'>transmissos,</span> <span class='ocrx_word' id='word_1_28' title='bbox 930 986 1063 1061; x_wconf 82' lang='lat' dir='ltr'>mrdtos</span> <span class='ocrx_word' id='word_1_29' title='bbox 1096 986 1134 1058; x_wconf 92' lang='lat' dir='ltr'>iu</span> <span class='ocrx_word' id='word_1_30' title='bbox 1167 986 1265 1061; x_wconf 93' lang='lat' dir='ltr'>omui</span> <span class='ocrx_word' id='word_1_31' title='bbox 1303 1010 1434 1085; x_wconf 82' lang='lat' dir='ltr'>genere</span> <span class='ocrx_word' id='word_1_32' title='bbox 1467 987 1653 1065; x_wconf 65' lang='lat' dir='ltr'>dominae</span> <span class='ocrx_word' id='word_1_33' title='bbox 1689 990 1876 1089; x_wconf 87' lang='lat' dir='ltr'>discipulos</span> 
     </span>
     <span class='ocr_line' id='line_1_5' title="bbox 418 1116 1876 1222; baseline 0 -26"><span class='ocrx_word' id='word_1_34' title='bbox 418 1124 581 1198; x_wconf 86' lang='lat' dir='ltr'>instituit.</span> <span class='ocrx_word' id='word_1_35' title='bbox 653 1121 710 1197; x_wconf 85' lang='lat' dir='ltr'>Ex</span> <span class='ocrx_word' id='word_1_36' title='bbox 749 1122 806 1195; x_wconf 89' lang='lat' dir='ltr'>his</span> <span class='ocrx_word' id='word_1_37' title='bbox 849 1120 1049 1218; x_wconf 84' lang='lat' dir='ltr'>complures</span> <span class='ocrx_word' id='word_1_38' title='bbox 1090 1118 1209 1216; x_wconf 85' lang='lat' dir='ltr'>postea</span> <span class='ocrx_word' id='word_1_39' title='bbox 1245 1116 1400 1195; x_wconf 85' lang='lat' dir='ltr'>suooeffu</span> <span class='ocrx_word' id='word_1_40' title='bbox 1434 1119 1606 1219; x_wconf 79' lang='lat' dir='ltr'>tempor‘m</span> <span class='ocrx_word' id='word_1_41' title='bbox 1641 1122 1688 1196; x_wconf 86' lang='lat' dir='ltr'>ad</span> <span class='ocrx_word' id='word_1_42' title='bbox 1728 1147 1876 1222; x_wconf 82' lang='lat' dir='ltr'>magnas</span> 
     </span>
     <span class='ocr_line' id='line_1_6' title="bbox 417 1250 1876 1354; baseline 0 -24"><span class='ocrx_word' id='word_1_43' title='bbox 417 1256 609 1354; x_wconf 83' lang='lat' dir='ltr'>dignitates</span> <span class='ocrx_word' id='word_1_44' title='bbox 637 1254 792 1352; x_wconf 91' lang='lat' dir='ltr'>promoti</span> <span class='ocrx_word' id='word_1_45' title='bbox 819 1251 909 1326; x_wconf 90' lang='lat' dir='ltr'>sunt.</span> <span class='ocrx_word' id='word_1_46' title='bbox 974 1253 1248 1348; x_wconf 85' lang='lat' dir='ltr'>Praeceptorem</span> <span class='ocrx_word' id='word_1_47' title='bbox 1277 1250 1452 1327; x_wconf 73' lang='lat' dir='ltr'><strong>habuerat</strong></span> <span class='ocrx_word' id='word_1_48' title='bbox 1477 1275 1523 1327; x_wconf 87' lang='lat' dir='ltr'>ex</span> <span class='ocrx_word' id='word_1_49' title='bbox 1548 1250 1726 1351; x_wconf 82' lang='lat' dir='ltr'>discipulis</span> <span class='ocrx_word' id='word_1_50' title='bbox 1754 1255 1876 1330; x_wconf 84' lang='lat' dir='ltr'>Bedae</span> 
     </span>
     <span class='ocr_line' id='line_1_7' title="bbox 417 1380 1875 1470; baseline 0 -10"><span class='ocrx_word' id='word_1_51' title='bbox 417 1384 741 1462; x_wconf 87' lang='lat' dir='ltr'>reverendillimum</span> <span class='ocrx_word' id='word_1_52' title='bbox 767 1385 885 1458; x_wconf 83' lang='lat' dir='ltr'>virum</span> <span class='ocrx_word' id='word_1_53' title='bbox 912 1383 1094 1470; x_wconf 81' lang='lat' dir='ltr'>Albinum,</span> <span class='ocrx_word' id='word_1_54' title='bbox 1117 1380 1332 1457; x_wconf 84' lang='lat' dir='ltr'>monachum</span> <span class='ocrx_word' id='word_1_55' title='bbox 1354 1390 1393 1455; x_wconf 89' lang='lat' dir='ltr'>et</span> <span class='ocrx_word' id='word_1_56' title='bbox 1422 1382 1590 1457; x_wconf 73' lang='lat' dir='ltr'>ubtatan</span> <span class='ocrx_word' id='word_1_57' title='bbox 1613 1383 1813 1459; x_wconf 83' lang='lat' dir='ltr'>monasterii</span> <span class='ocrx_word' id='word_1_58' title='bbox 1840 1386 1875 1460; x_wconf 90' lang='lat' dir='ltr'>S.</span> 
     </span>
     <span class='ocr_line' id='line_1_8' title="bbox 419 1510 1877 1611; baseline 0.004 -22"><span class='ocrx_word' id='word_1_59' title='bbox 419 1516 565 1589; x_wconf 81' lang='lat' dir='ltr'>Martini</span> <span class='ocrx_word' id='word_1_60' title='bbox 590 1511 807 1599; x_wconf 83' lang='lat' dir='ltr'>Turonensis,</span> <span class='ocrx_word' id='word_1_61' title='bbox 836 1511 960 1610; x_wconf 80' lang='lat' dir='ltr'>Magni</span> <span class='ocrx_word' id='word_1_62' title='bbox 990 1510 1109 1586; x_wconf 86' lang='lat' dir='ltr'>Caroli</span> <span class='ocrx_word' id='word_1_63' title='bbox 1134 1511 1360 1611; x_wconf 87' lang='lat' dir='ltr'>imperatoris</span> <span class='ocrx_word' id='word_1_64' title='bbox 1388 1513 1569 1610; x_wconf 89' lang='lat' dir='ltr'>quondum</span> <span class='ocrx_word' id='word_1_65' title='bbox 1597 1514 1825 1603; x_wconf 83' lang='lat' dir='ltr'>didasculum,</span> <span class='ocrx_word' id='word_1_66' title='bbox 1854 1544 1877 1595; x_wconf 84' lang='lat' dir='ltr'>a</span> 
     </span>
     <span class='ocr_line' id='line_1_9' title="bbox 420 1642 1876 1745; baseline 0.002 -25"><span class='ocrx_word' id='word_1_67' title='bbox 420 1672 492 1745; x_wconf 90' lang='lat' dir='ltr'>quo</span> <span class='ocrx_word' id='word_1_68' title='bbox 530 1646 601 1744; x_wconf 89' lang='lat' dir='ltr'>ipse</span> <span class='ocrx_word' id='word_1_69' title='bbox 642 1644 806 1719; x_wconf 78' lang='lat' dir='ltr'>hauserat</span> <span class='ocrx_word' id='word_1_70' title='bbox 845 1644 883 1718; x_wconf 90' lang='lat' dir='ltr'>in</span> <span class='ocrx_word' id='word_1_71' title='bbox 925 1642 1052 1728; x_wconf 87' lang='lat' dir='ltr'>Gallia,</span> <span class='ocrx_word' id='word_1_72' title='bbox 1093 1643 1189 1740; x_wconf 90' lang='lat' dir='ltr'>quod</span> <span class='ocrx_word' id='word_1_73' title='bbox 1223 1644 1312 1718; x_wconf 82' lang='lat' dir='ltr'>alios</span> <span class='ocrx_word' id='word_1_74' title='bbox 1349 1643 1386 1718; x_wconf 90' lang='lat' dir='ltr'>in</span> <span class='ocrx_word' id='word_1_75' title='bbox 1426 1644 1620 1720; x_wconf 83' lang='lat' dir='ltr'>Gennania</span> <span class='ocrx_word' id='word_1_76' title='bbox 1655 1647 1876 1745; x_wconf 88' lang='lat' dir='ltr'>postmodum</span> 
     </span>
     <span class='ocr_line' id='line_1_10' title="bbox 417 1772 1878 1878; baseline 0.001 -24"><span class='ocrx_word' id='word_1_77' title='bbox 417 1779 580 1864; x_wconf 71' lang='lat' dir='ltr'>‘docebat</span> <span class='ocrx_word' id='word_1_78' title='bbox 607 1803 689 1852; x_wconf 87' lang='lat' dir='ltr'>cum</span> <span class='ocrx_word' id='word_1_79' title='bbox 719 1778 835 1852; x_wconf 88' lang='lat' dir='ltr'>adhuc</span> <span class='ocrx_word' id='word_1_80' title='bbox 867 1800 957 1874; x_wconf 89' lang='lat' dir='ltr'>puer</span> <span class='ocrx_word' id='word_1_81' title='bbox 980 1772 1066 1849; x_wconf 86' lang='lat' dir='ltr'>effet</span> <span class='ocrx_word' id='word_1_82' title='bbox 1090 1775 1214 1852; x_wconf 87' lang='lat' dir='ltr'>decem</span> <span class='ocrx_word' id='word_1_83' title='bbox 1238 1801 1423 1853; x_wconf 86' lang='lat' dir='ltr'>annorum.</span> <span class='ocrx_word' id='word_1_84' title='bbox 1479 1777 1595 1851; x_wconf 87' lang='lat' dir='ltr'><strong>Omne</strong></span> <span class='ocrx_word' id='word_1_85' title='bbox 1619 1778 1785 1878; x_wconf 83' lang='lat' dir='ltr'>deinceps</span> <span class='ocrx_word' id='word_1_86' title='bbox 1808 1781 1878 1856; x_wconf 86' lang='lat' dir='ltr'>stu·</span> 
     </span>
     <span class='ocr_line' id='line_1_11' title="bbox 421 1905 1876 2004; baseline 0.001 -19"><span class='ocrx_word' id='word_1_87' title='bbox 421 1912 520 1985; x_wconf 93' lang='lat' dir='ltr'>dium</span> <span class='ocrx_word' id='word_1_88' title='bbox 549 1909 727 1984; x_wconf 78' lang='lat' dir='ltr'>convertit</span> <span class='ocrx_word' id='word_1_89' title='bbox 761 1908 807 1983; x_wconf 90' lang='lat' dir='ltr'>ad</span> <span class='ocrx_word' id='word_1_90' title='bbox 840 1906 1022 1982; x_wconf 90' lang='lat' dir='ltr'>scientiam</span> <span class='ocrx_word' id='word_1_91' title='bbox 1055 1905 1341 2004; x_wconf 74' lang='lat' dir='ltr'>scripturarum:</span> <span class='ocrx_word' id='word_1_92' title='bbox 1375 1909 1542 1984; x_wconf 91' lang='lat' dir='ltr'>inomni</span> <span class='ocrx_word' id='word_1_93' title='bbox 1573 1911 1772 1987; x_wconf 84' lang='lat' dir='ltr'>eruditione</span> <span class='ocrx_word' id='word_1_94' title='bbox 1801 1923 1876 1989; x_wconf 81' lang='lat' dir='ltr'>tam</span> 
     </span>
     <span class='ocr_line' id='line_1_12' title="bbox 421 2024 1879 2141; baseline 0 -23"><span class='ocrx_word' id='word_1_95' title='bbox 421 2045 632 2120; x_wconf 78' lang='lat' dir='ltr'>secularium</span> <span class='ocrx_word' id='word_1_96' title='bbox 662 2066 770 2140; x_wconf 82' lang='lat' dir='ltr'>quam</span> <span class='ocrx_word' id='word_1_97' title='bbox 800 2040 1000 2116; x_wconf 87' lang='lat' dir='ltr'>divinarum</span> <span class='ocrx_word' id='word_1_98' title='bbox 1034 2038 1299 2137; x_wconf 72' lang='lat' dir='ltr'>scripturorum</span> <span class='ocrx_word' id='word_1_99' title='bbox 1328 2037 1547 2116; x_wconf 77' lang='lat' dir='ltr'>dottiffimua</span> <span class='ocrx_word' id='word_1_100' title='bbox 1576 2040 1702 2129; x_wconf 79' lang='lat' dir='ltr'>evusit;</span> <span class='ocrx_word' id='word_1_101' title='bbox 1728 2024 1879 2141; x_wconf 74' lang='lat' dir='ltr'>philoso</span> 
     </span>
     <span class='ocr_line' id='line_1_13' title="bbox 424 2169 1880 2274; baseline 0.001 -25"><span class='ocrx_word' id='word_1_102' title='bbox 424 2176 516 2274; x_wconf 91' lang='lat' dir='ltr'>phus</span> <span class='ocrx_word' id='word_1_103' title='bbox 541 2176 667 2260; x_wconf 86' lang='lat' dir='ltr'>clarus,</span> <span class='ocrx_word' id='word_1_104' title='bbox 695 2185 803 2271; x_wconf 85' lang='lat' dir='ltr'>poeta</span> <span class='ocrx_word' id='word_1_105' title='bbox 833 2169 984 2270; x_wconf 84' lang='lat' dir='ltr'>insignis,</span> <span class='ocrx_word' id='word_1_106' title='bbox 1014 2171 1138 2245; x_wconf 86' lang='lat' dir='ltr'>rhetor</span> <span class='ocrx_word' id='word_1_107' title='bbox 1160 2169 1342 2256; x_wconf 75' lang='lat' dir='ltr'>sactmdus</span> <span class='ocrx_word' id='word_1_108' title='bbox 1367 2171 1586 2248; x_wconf 83' lang='lat' dir='ltr'>astronomus</span> <span class='ocrx_word' id='word_1_109' title='bbox 1610 2183 1648 2248; x_wconf 87' lang='lat' dir='ltr'>et</span> <span class='ocrx_word' id='word_1_110' title='bbox 1671 2175 1880 2274; x_wconf 86' lang='lat' dir='ltr'>computista</span> 
     </span>
     <span class='ocr_line' id='line_1_14' title="bbox 423 2302 1878 2405; baseline 0 -23"><span class='ocrx_word' id='word_1_111' title='bbox 423 2307 684 2383; x_wconf 89' lang='lat' dir='ltr'>celeberrimus.</span> <span class='ocrx_word' id='word_1_112' title='bbox 739 2306 782 2378; x_wconf 91' lang='lat' dir='ltr'>Iu</span> <span class='ocrx_word' id='word_1_113' title='bbox 808 2305 1000 2403; x_wconf 88' lang='lat' dir='ltr'>juventute</span> <span class='ocrx_word' id='word_1_114' title='bbox 1026 2302 1071 2378; x_wconf 91' lang='lat' dir='ltr'>iis</span> <span class='ocrx_word' id='word_1_115' title='bbox 1099 2302 1265 2379; x_wconf 84' lang='lat' dir='ltr'>omnibus</span> <span class='ocrx_word' id='word_1_116' title='bbox 1293 2302 1447 2379; x_wconf 79' lang='lat' dir='ltr'>scientiis</span> <span class='ocrx_word' id='word_1_117' title='bbox 1472 2305 1613 2403; x_wconf 85' lang='lat' dir='ltr'>publice</span> <span class='ocrx_word' id='word_1_118' title='bbox 1640 2305 1878 2405; x_wconf 86' lang='lat' dir='ltr'>privatimque</span> 
     </span>
     <span class='ocr_line' id='line_1_15' title="bbox 423 2435 1879 2538; baseline 0.001 -24"><span class='ocrx_word' id='word_1_119' title='bbox 423 2439 615 2515; x_wconf 84' lang='lat' dir='ltr'>imbuenda</span> <span class='ocrx_word' id='word_1_120' title='bbox 638 2436 813 2512; x_wconf 86' lang='lat' dir='ltr'>maximos</span> <span class='ocrx_word' id='word_1_121' title='bbox 836 2435 970 2534; x_wconf 82' lang='lat' dir='ltr'>ingenii</span> <span class='ocrx_word' id='word_1_122' title='bbox 992 2435 1046 2510; x_wconf 90' lang='lat' dir='ltr'>sui</span> <span class='ocrx_word' id='word_1_123' title='bbox 1071 2458 1200 2511; x_wconf 85' lang='lat' dir='ltr'>nervos</span> <span class='ocrx_word' id='word_1_124' title='bbox 1220 2437 1414 2512; x_wconf 88' lang='lat' dir='ltr'>contendit.</span> <span class='ocrx_word' id='word_1_125' title='bbox 1461 2437 1622 2513; x_wconf 86' lang='lat' dir='ltr'>Primum</span> <span class='ocrx_word' id='word_1_126' title='bbox 1640 2437 1739 2514; x_wconf 87' lang='lat' dir='ltr'>suam</span> <span class='ocrx_word' id='word_1_127' title='bbox 1752 2440 1879 2538; x_wconf 86' lang='lat' dir='ltr'>juven-</span> 
     </span>
     <span class='ocr_line' id='line_1_16' title="bbox 424 2567 1879 2657; baseline 0 -10"><span class='ocrx_word' id='word_1_128' title='bbox 424 2583 541 2648; x_wconf 84' lang='lat' dir='ltr'>tutem</span> <span class='ocrx_word' id='word_1_129' title='bbox 571 2569 761 2646; x_wconf 73' lang='lat' dir='ltr'>Benedidti</span> <span class='ocrx_word' id='word_1_130' title='bbox 789 2567 958 2645; x_wconf 85' lang='lat' dir='ltr'>institutis</span> <span class='ocrx_word' id='word_1_131' title='bbox 988 2567 1230 2655; x_wconf 81' lang='lat' dir='ltr'>consecravit3</span> <span class='ocrx_word' id='word_1_132' title='bbox 1260 2569 1316 2643; x_wconf 88' lang='lat' dir='ltr'>vir</span> <span class='ocrx_word' id='word_1_133' title='bbox 1342 2570 1469 2657; x_wconf 69' lang='lat' dir='ltr'>naus</span> <span class='ocrx_word' id='word_1_134' title='bbox 1495 2571 1606 2646; x_wconf 87' lang='lat' dir='ltr'>abbas</span> <span class='ocrx_word' id='word_1_135' title='bbox 1631 2571 1814 2647; x_wconf 83' lang='lat' dir='ltr'>Fuldenfis</span> <span class='ocrx_word' id='word_1_136' title='bbox 1840 2575 1879 2648; x_wconf 93' lang='lat' dir='ltr'>in</span> 
     </span>
     <span class='ocr_line' id='line_1_17' title="bbox 426 2698 1879 2805; baseline 0.001 -25"><span class='ocrx_word' id='word_1_137' title='bbox 426 2703 618 2780; x_wconf 84' lang='lat' dir='ltr'>Germania</span> <span class='ocrx_word' id='word_1_138' title='bbox 642 2702 802 2777; x_wconf 93' lang='lat' dir='ltr'>omnium</span> <span class='ocrx_word' id='word_1_139' title='bbox 827 2701 1083 2777; x_wconf 81' lang='lat' dir='ltr'>monachorum</span> <span class='ocrx_word' id='word_1_140' title='bbox 1104 2698 1242 2777; x_wconf 80' lang='lat' dir='ltr'>summe</span> <span class='ocrx_word' id='word_1_141' title='bbox 1264 2701 1450 2778; x_wconf 79' lang='lat' dir='ltr'>voluntate</span> <span class='ocrx_word' id='word_1_142' title='bbox 1472 2714 1612 2779; x_wconf 84' lang='lat' dir='ltr'>creatus</span> <span class='ocrx_word' id='word_1_143' title='bbox 1633 2704 1701 2780; x_wconf 86' lang='lat' dir='ltr'>est:</span> <span class='ocrx_word' id='word_1_144' title='bbox 1727 2705 1879 2805; x_wconf 88' lang='lat' dir='ltr'>denique</span> 
     </span>
     <span class='ocr_line' id='line_1_18' title="bbox 426 2830 1882 2934; baseline 0.001 -23"><span class='ocrx_word' id='word_1_145' title='bbox 426 2838 473 2912; x_wconf 87' lang='lat' dir='ltr'>ad</span> <span class='ocrx_word' id='word_1_146' title='bbox 489 2833 769 2934; x_wconf 81' lang='lat' dir='ltr'>Mogmtinenfis</span> <span class='ocrx_word' id='word_1_147' title='bbox 788 2832 950 2909; x_wconf 82' lang='lat' dir='ltr'>ecclesiae</span> <span class='ocrx_word' id='word_1_148' title='bbox 974 2830 1311 2931; x_wconf 85' lang='lat' dir='ltr'>archiepiscopatum</span> <span class='ocrx_word' id='word_1_149' title='bbox 1332 2835 1487 2918; x_wconf 68' lang='lat' dir='ltr'>orestus,</span> <span class='ocrx_word' id='word_1_150' title='bbox 1505 2834 1632 2932; x_wconf 82' lang='lat' dir='ltr'>viginti</span> <span class='ocrx_word' id='word_1_151' title='bbox 1649 2847 1803 2933; x_wconf 85' lang='lat' dir='ltr'>quatuor</span> <span class='ocrx_word' id='word_1_152' title='bbox 1818 2863 1882 2912; x_wconf 90' lang='lat' dir='ltr'>an-</span> 
     </span>
     <span class='ocr_line' id='line_1_19' title="bbox 427 2962 1881 3064; baseline 0 -21"><span class='ocrx_word' id='word_1_153' title='bbox 427 2969 483 3043; x_wconf 91' lang='lat' dir='ltr'>nis</span> <span class='ocrx_word' id='word_1_154' title='bbox 503 2968 572 3041; x_wconf 92' lang='lat' dir='ltr'>hoc</span> <span class='ocrx_word' id='word_1_155' title='bbox 596 2989 726 3041; x_wconf 85' lang='lat' dir='ltr'>munus</span> <span class='ocrx_word' id='word_1_156' title='bbox 752 2965 884 3041; x_wconf 91' lang='lat' dir='ltr'>obibat.</span> <span class='ocrx_word' id='word_1_157' title='bbox 935 2965 1093 3039; x_wconf 82' lang='lat' dir='ltr'>Tandem</span> <span class='ocrx_word' id='word_1_158' title='bbox 1114 2962 1339 3040; x_wconf 82' lang='lat' dir='ltr'>scandalizati</span> <span class='ocrx_word' id='word_1_159' title='bbox 1358 2964 1397 3039; x_wconf 91' lang='lat' dir='ltr'>iu</span> <span class='ocrx_word' id='word_1_160' title='bbox 1413 2989 1457 3039; x_wconf 89' lang='lat' dir='ltr'>eo</span> <span class='ocrx_word' id='word_1_161' title='bbox 1475 2967 1652 3052; x_wconf 87' lang='lat' dir='ltr'>monachi,</span> <span class='ocrx_word' id='word_1_162' title='bbox 1677 2992 1748 3064; x_wconf 91' lang='lat' dir='ltr'>quo</span> <span class='ocrx_word' id='word_1_163' title='bbox 1768 2970 1881 3044; x_wconf 84' lang='lat' dir='ltr'>maxi-</span> 
     </span>
     <span class='ocr_line' id='line_1_20' title="bbox 428 3094 1880 3195; baseline 0.001 -22"><span class='ocrx_word' id='word_1_164' title='bbox 428 3125 486 3174; x_wconf 90' lang='lat' dir='ltr'>me</span> <span class='ocrx_word' id='word_1_165' title='bbox 506 3100 703 3174; x_wconf 87' lang='lat' dir='ltr'>debuerant</span> <span class='ocrx_word' id='word_1_166' title='bbox 724 3098 911 3185; x_wconf 84' lang='lat' dir='ltr'>aedificari,</span> <span class='ocrx_word' id='word_1_167' title='bbox 934 3097 996 3195; x_wconf 90' lang='lat' dir='ltr'>qui</span> <span class='ocrx_word' id='word_1_168' title='bbox 1017 3121 1100 3171; x_wconf 88' lang='lat' dir='ltr'>eum</span> <span class='ocrx_word' id='word_1_169' title='bbox 1121 3097 1286 3170; x_wconf 88' lang='lat' dir='ltr'>dicebant</span> <span class='ocrx_word' id='word_1_170' title='bbox 1307 3094 1458 3170; x_wconf 90' lang='lat' dir='ltr'>nimium</span> <span class='ocrx_word' id='word_1_171' title='bbox 1484 3097 1677 3195; x_wconf 89' lang='lat' dir='ltr'>Scripturis</span> <span class='ocrx_word' id='word_1_172' title='bbox 1701 3099 1880 3175; x_wconf 88' lang='lat' dir='ltr'>intentum</span> 
     </span>
     <span class='ocr_line' id='line_1_21' title="bbox 431 3229 1882 3330; baseline 0.002 -23"><span class='ocrx_word' id='word_1_173' title='bbox 431 3230 644 3330; x_wconf 80' lang='lat' dir='ltr'>temporalis</span> <span class='ocrx_word' id='word_1_174' title='bbox 673 3229 863 3329; x_wconf 85' lang='lat' dir='ltr'>negligere.</span> <span class='ocrx_word' id='word_1_175' title='bbox 914 3229 1014 3304; x_wconf 86' lang='lat' dir='ltr'>Dans</span> <span class='ocrx_word' id='word_1_176' title='bbox 1039 3229 1150 3327; x_wconf 86' lang='lat' dir='ltr'>igitur</span> <span class='ocrx_word' id='word_1_177' title='bbox 1178 3229 1297 3304; x_wconf 82' lang='lat' dir='ltr'>locum</span> <span class='ocrx_word' id='word_1_178' title='bbox 1323 3229 1409 3314; x_wconf 84' lang='lat' dir='ltr'>irae,</span> <span class='ocrx_word' id='word_1_179' title='bbox 1437 3230 1687 3306; x_wconf 78' lang='lat' dir='ltr'>monasterium</span> <span class='ocrx_word' id='word_1_180' title='bbox 1715 3244 1753 3307; x_wconf 93' lang='lat' dir='ltr'>et</span> <span class='ocrx_word' id='word_1_181' title='bbox 1781 3233 1882 3310; x_wconf 74' lang='lat' dir='ltr'>usbi-</span> 
     </span>
     <span class='ocr_line' id='line_1_22' title="bbox 429 3359 1928 3464; baseline 0 -22"><span class='ocrx_word' id='word_1_182' title='bbox 429 3376 564 3443; x_wconf 74' lang='lat' dir='ltr'>tetores</span> <span class='ocrx_word' id='word_1_183' title='bbox 587 3364 665 3463; x_wconf 86' lang='lat' dir='ltr'>ejus</span> <span class='ocrx_word' id='word_1_184' title='bbox 686 3363 850 3451; x_wconf 90' lang='lat' dir='ltr'>deseruit,</span> <span class='ocrx_word' id='word_1_185' title='bbox 877 3386 943 3438; x_wconf 89' lang='lat' dir='ltr'>nec</span> <span class='ocrx_word' id='word_1_186' title='bbox 965 3362 1092 3460; x_wconf 81' lang='lat' dir='ltr'>polles,</span> <span class='ocrx_word' id='word_1_187' title='bbox 1113 3361 1159 3437; x_wconf 77' lang='lat' dir='ltr'>iis</span> <span class='ocrx_word' id='word_1_188' title='bbox 1180 3359 1401 3460; x_wconf 82' lang='lat' dir='ltr'>poenitentia</span> <span class='ocrx_word' id='word_1_189' title='bbox 1420 3360 1549 3449; x_wconf 72' lang='lat' dir='ltr'>ductis</span> <span class='ocrx_word' id='word_1_190' title='bbox 1571 3387 1697 3439; x_wconf 89' lang='lat' dir='ltr'>eorum</span> <span class='ocrx_word' id='word_1_191' title='bbox 1716 3367 1881 3464; x_wconf 88' lang='lat' dir='ltr'>precibus</span> <span class='ocrx_word' id='word_1_192' title='bbox 1925 3406 1928 3411; x_wconf 94' lang='lat'><em>·</em></span> 
     </span>
     <span class='ocr_line' id='line_1_23' title="bbox 428 3493 1883 3595; baseline 0 -21"><span class='ocrx_word' id='word_1_193' title='bbox 428 3496 590 3574; x_wconf 84' lang='lat' dir='ltr'>revocari</span> <span class='ocrx_word' id='word_1_194' title='bbox 622 3504 773 3595; x_wconf 82' lang='lat' dir='ltr'>poterat</span> <span class='ocrx_word' id='word_1_195' title='bbox 849 3493 994 3592; x_wconf 81' lang='lat' dir='ltr'>Soripfit</span> <span class='ocrx_word' id='word_1_196' title='bbox 1028 3495 1074 3570; x_wconf 88' lang='lat' dir='ltr'>de</span> <span class='ocrx_word' id='word_1_197' title='bbox 1115 3518 1159 3570; x_wconf 91' lang='lat' dir='ltr'>eo</span> <span class='ocrx_word' id='word_1_198' title='bbox 1198 3493 1400 3581; x_wconf 78' lang='lat' dir='ltr'>nonnullus,</span> <span class='ocrx_word' id='word_1_199' title='bbox 1441 3518 1508 3569; x_wconf 87' lang='lat' dir='ltr'>nec</span> <span class='ocrx_word' id='word_1_200' title='bbox 1549 3494 1691 3572; x_wconf 80' lang='lat' dir='ltr'>Italiam</span> <span class='ocrx_word' id='word_1_201' title='bbox 1731 3497 1883 3574; x_wconf 80' lang='lat' dir='ltr'>Robuno</span> 
     </span>
     <span class='ocr_line' id='line_1_24' title="bbox 430 3622 1881 3731; baseline -0.001 -24"><span class='ocrx_word' id='word_1_202' title='bbox 430 3630 586 3716; x_wconf 82' lang='lat' dir='ltr'>similem</span> <span class='ocrx_word' id='word_1_203' title='bbox 620 3653 687 3703; x_wconf 89' lang='lat' dir='ltr'>nec</span> <span class='ocrx_word' id='word_1_204' title='bbox 719 3627 947 3703; x_wconf 79' lang='lat' dir='ltr'>Germaniam</span> <span class='ocrx_word' id='word_1_205' title='bbox 986 3625 1173 3724; x_wconf 75' lang='lat' dir='ltr'>aequalem</span> <span class='ocrx_word' id='word_1_206' title='bbox 1205 3622 1386 3725; x_wconf 79' lang='lat' dir='ltr'>peperisse.</span> <span class='ocrx_word' id='word_1_207' title='bbox 1452 3626 1560 3716; x_wconf 83' lang='lat' dir='ltr'>Libri,</span> <span class='ocrx_word' id='word_1_208' title='bbox 1595 3653 1685 3728; x_wconf 89' lang='lat' dir='ltr'>quos</span> <span class='ocrx_word' id='word_1_209' title='bbox 1716 3629 1881 3731; x_wconf 74' lang='lat' dir='ltr'>singulari</span> 
     </span>
     <span class='ocr_line' id='line_1_25' title="bbox 432 3758 1883 3862; baseline 0.001 -22"><span class='ocrx_word' id='word_1_210' title='bbox 432 3765 585 3862; x_wconf 84' lang='lat' dir='ltr'>quadum</span> <span class='ocrx_word' id='word_1_211' title='bbox 614 3760 813 3837; x_wconf 88' lang='lat' dir='ltr'>eruditione</span> <span class='ocrx_word' id='word_1_212' title='bbox 837 3761 988 3837; x_wconf 84' lang='lat' dir='ltr'>refertos</span> <span class='ocrx_word' id='word_1_213' title='bbox 1013 3760 1135 3848; x_wconf 80' lang='lat' dir='ltr'>edidit,</span> <span class='ocrx_word' id='word_1_214' title='bbox 1163 3758 1294 3835; x_wconf 89' lang='lat' dir='ltr'>infiniti</span> <span class='ocrx_word' id='word_1_215' title='bbox 1318 3783 1410 3857; x_wconf 88' lang='lat' dir='ltr'>pene</span> <span class='ocrx_word' id='word_1_216' title='bbox 1440 3759 1531 3835; x_wconf 87' lang='lat' dir='ltr'>suut</span> <span class='ocrx_word' id='word_1_217' title='bbox 1596 3761 1740 3862; x_wconf 77' lang='lat' dir='ltr'>Scripsit</span> <span class='ocrx_word' id='word_1_218' title='bbox 1767 3765 1883 3841; x_wconf 83' lang='lat' dir='ltr'>multo</span> 
     </span>
     <span class='ocr_line' id='line_1_26' title="bbox 434 3892 770 3992; baseline -0.012 -21"><span class='ocrx_word' id='word_1_219' title='bbox 434 3906 471 3971; x_wconf 91' lang='lat' dir='ltr'>et</span> <span class='ocrx_word' id='word_1_220' title='bbox 487 3894 589 3972; x_wconf 87' lang='lat' dir='ltr'>versu</span> <span class='ocrx_word' id='word_1_221' title='bbox 605 3904 643 3968; x_wconf 90' lang='lat' dir='ltr'>et</span> <span class='ocrx_word' id='word_1_222' title='bbox 659 3892 770 3992; x_wconf 87' lang='lat' dir='ltr'>prosa</span> 
     </span>
    </p>

    <p class='ocr_par' dir='ltr' id='par_1_3' title="bbox 580 4022 1841 4125">
     <span class='ocr_line' id='line_1_27' title="bbox 580 4022 1841 4125; baseline 0.001 -24"><span class='ocrx_word' id='word_1_223' title='bbox 580 4023 845 4101; x_wconf 80' lang='lat' dir='ltr'>Commentario</span> <span class='ocrx_word' id='word_1_224' title='bbox 859 4024 899 4099; x_wconf 89' lang='lat' dir='ltr'>in</span> <span class='ocrx_word' id='word_1_225' title='bbox 914 4023 1112 4100; x_wconf 83' lang='lat' dir='ltr'>universum</span> <span class='ocrx_word' id='word_1_226' title='bbox 1128 4022 1165 4099; x_wconf 72' lang='lat' dir='ltr'>sa</span> <span class='ocrx_word' id='word_1_227' title='bbox 1182 4022 1404 4121; x_wconf 79' lang='lat' dir='ltr'>Scriptrmm</span> <span class='ocrx_word' id='word_1_228' title='bbox 1421 4025 1603 4125; x_wconf 89' lang='lat' dir='ltr'>utriusque</span> <span class='ocrx_word' id='word_1_229' title='bbox 1620 4028 1841 4105; x_wconf 81' lang='lat' dir='ltr'>Testamenti.</span> 
     </span>
    </p>

    <p class='ocr_par' dir='ltr' id='par_1_4' title="bbox 580 4155 1338 4235">
     <span class='ocr_line' id='line_1_28' title="bbox 580 4155 1338 4235; baseline -0.004 -2"><span class='ocrx_word' id='word_1_230' title='bbox 580 4157 705 4234; x_wconf 86' lang='lat' dir='ltr'>libros</span> <span class='ocrx_word' id='word_1_231' title='bbox 720 4167 795 4235; x_wconf 87' lang='lat' dir='ltr'>tres</span> <span class='ocrx_word' id='word_1_232' title='bbox 811 4156 856 4231; x_wconf 91' lang='lat' dir='ltr'>de</span> <span class='ocrx_word' id='word_1_233' title='bbox 872 4156 1094 4233; x_wconf 86' lang='lat' dir='ltr'>Institutione</span> <span class='ocrx_word' id='word_1_234' title='bbox 1110 4155 1338 4231; x_wconf 86' lang='lat' dir='ltr'>Clericorum.</span> 
     </span>
    </p>

    <p class='ocr_par' dir='ltr' id='par_1_5' title="bbox 584 4289 1063 4376">
     <span class='ocr_line' id='line_1_29' title="bbox 584 4289 1063 4376; baseline -0.002 -11"><span class='ocrx_word' id='word_1_235' title='bbox 584 4291 639 4365; x_wconf 91' lang='lat' dir='ltr'>De</span> <span class='ocrx_word' id='word_1_236' title='bbox 655 4289 776 4365; x_wconf 86' lang='lat' dir='ltr'>Laude</span> <span class='ocrx_word' id='word_1_237' title='bbox 793 4289 928 4376; x_wconf 76' lang='lat' dir='ltr'>Crucis</span> <span class='ocrx_word' id='word_1_238' title='bbox 942 4289 1005 4365; x_wconf 92' lang='lat' dir='ltr'>lib.</span> <span class='ocrx_word' id='word_1_239' title='bbox 1021 4312 1063 4364; x_wconf 88' lang='lat'>11.</span> 
     </span>
    </p>

    <p class='ocr_par' dir='ltr' id='par_1_6' title="bbox 585 4419 1333 4521">
     <span class='ocr_line' id='line_1_30' title="bbox 585 4419 1333 4521; baseline -0.001 -25"><span class='ocrx_word' id='word_1_240' title='bbox 585 4421 643 4496; x_wconf 83' lang='lat' dir='ltr'>Ad</span> <span class='ocrx_word' id='word_1_241' title='bbox 659 4419 882 4521; x_wconf 82' lang='lat' dir='ltr'>Haymonom</span> <span class='ocrx_word' id='word_1_242' title='bbox 898 4420 944 4493; x_wconf 83' lang='lat' dir='ltr'>de</span> <span class='ocrx_word' id='word_1_243' title='bbox 961 4419 1141 4506; x_wconf 89' lang='lat' dir='ltr'>Universo,</span> <span class='ocrx_word' id='word_1_244' title='bbox 1158 4419 1219 4495; x_wconf 93' lang='lat' dir='ltr'>lib.</span> <span class='ocrx_word' id='word_1_245' title='bbox 1236 4441 1333 4495; x_wconf 80' lang='lat' dir='ltr'>mr.</span> 
     </span>
    </p>

    <p class='ocr_par' dir='ltr' id='par_1_7' title="bbox 583 4552 1507 4653">
     <span class='ocr_line' id='line_1_31' title="bbox 583 4552 1507 4653; baseline 0 -24"><span class='ocrx_word' id='word_1_246' title='bbox 583 4553 639 4629; x_wconf 92' lang='lat' dir='ltr'>De</span> <span class='ocrx_word' id='word_1_247' title='bbox 656 4553 880 4653; x_wconf 83' lang='lat' dir='ltr'>Proprietate</span> <span class='ocrx_word' id='word_1_248' title='bbox 896 4552 1097 4627; x_wconf 81' lang='lat' dir='ltr'>Verborum</span> <span class='ocrx_word' id='word_1_249' title='bbox 1114 4562 1151 4627; x_wconf 90' lang='lat' dir='ltr'>et</span> <span class='ocrx_word' id='word_1_250' title='bbox 1167 4553 1313 4641; x_wconf 82' lang='lat' dir='ltr'>Rerum,</span> <span class='ocrx_word' id='word_1_251' title='bbox 1330 4554 1390 4629; x_wconf 92' lang='lat' dir='ltr'>lib.</span> <span class='ocrx_word' id='word_1_252' title='bbox 1408 4576 1507 4628; x_wconf 82' lang='lat' dir='ltr'>xxn.</span> 
     </span>
    </p>

    <p class='ocr_par' dir='ltr' id='par_1_8' title="bbox 586 4683 1558 4770">
     <span class='ocr_line' id='line_1_32' title="bbox 586 4683 1558 4770; baseline -0.002 -11"><span class='ocrx_word' id='word_1_253' title='bbox 586 4685 641 4759; x_wconf 90' lang='lat' dir='ltr'>De</span> <span class='ocrx_word' id='word_1_254' title='bbox 658 4685 794 4761; x_wconf 87' lang='lat' dir='ltr'>Rerum</span> <span class='ocrx_word' id='word_1_255' title='bbox 810 4683 964 4770; x_wconf 81' lang='lat' dir='ltr'>Natun&#39;s,</span> <span class='ocrx_word' id='word_1_256' title='bbox 981 4683 1042 4758; x_wconf 87' lang='lat' dir='ltr'>lib.</span> <span class='ocrx_word' id='word_1_257' title='bbox 1060 4704 1126 4758; x_wconf 85' lang='lat' dir='ltr'>xv.</span> <span class='ocrx_word' id='word_1_258' title='bbox 1554 4703 1558 4713; x_wconf 90' lang='grc'>’</span> 
     </span>
    </p>

    <p class='ocr_par' dir='ltr' id='par_1_9' title="bbox 584 4815 1469 4904">
     <span class='ocr_line' id='line_1_33' title="bbox 584 4815 1469 4904; baseline -0.006 -10"><span class='ocrx_word' id='word_1_259' title='bbox 584 4817 641 4894; x_wconf 86' lang='lat' dir='ltr'>De</span> <span class='ocrx_word' id='word_1_260' title='bbox 656 4818 821 4895; x_wconf 89' lang='lat' dir='ltr'>omnibus</span> <span class='ocrx_word' id='word_1_261' title='bbox 836 4815 981 4894; x_wconf 70' lang='lat' dir='ltr'>Satri·</span> <span class='ocrx_word' id='word_1_262' title='bbox 996 4815 1180 4904; x_wconf 80' lang='lat' dir='ltr'>Homilins.</span> <span class='ocrx_word' id='word_1_263' title='bbox 1196 4817 1258 4893; x_wconf 85' lang='lat' dir='ltr'>lib.</span> <span class='ocrx_word' id='word_1_264' title='bbox 1276 4840 1301 4891; x_wconf 90' lang='lat'>1.</span> <span class='ocrx_word' id='word_1_265' title='bbox 1463 4877 1469 4889; x_wconf 93' lang='lat'><strong>.</strong></span> 
     </span>
    </p>
   </div>
   <div class='ocr_carea' id='block_1_3' title="bbox 0 0 2267 5956">
    <p class='ocr_par' dir='ltr' id='par_1_10' title="bbox 0 0 2267 5956">
     <span class='ocr_line' id='line_1_34' title="bbox 0 0 2267 5956; baseline 0 0"><span class='ocrx_word' id='word_1_266' title='bbox 0 0 2267 5956; x_wconf 95' lang='lat' dir='ltr'> </span> 
     </span>
    </p>
   </div>
  </div>
 </body>
</html>
