4470 5962
403 483 448 556 96
820 480 885 547 DE
909 478 1255 547 SCRIPTORIBUS
1279 477 1450 545 SGO'I'lS.

405 667 663 747 Aberdonensrs
690 667 860 769 gymnasii
886 669 1143 743 institutionem
1171 694 1237 767 per
1265 669 1396 768 scripta
1424 663 1587 767 rogaffet.
1651 669 1709 744 De
1738 695 1782 746 eo
1815 671 1869 748 ita

406 803 525 880 scribit
567 803 701 878 Pardus
745 802 872 877 Jovius
916 801 1059 876 antistes
1109 801 1318 888 Nueerinus,
1361 800 1458 898 quod
1500 827 1524 876 a
1567 801 1684 900 prima
1730 803 1869 905 origiue

407 939 596 1013 Scotorum
637 960 764 1035 regum
806 934 986 1010 historiam
1029 932 1156 1008 Latine
1189 934 1381 1034 diligenter
1412 932 1618 1032 perseripfit‚
1651 933 1777 1034 paffim
1810 961 1871 1012 ve-

408 1071 495 1147 teris
527 1067 808 1168 chorographiae
836 1090 985 1152 memor,
1011 1076 1049 1141 et
1072 1065 1279 1142 moderatae
1306 1066 1483 1143 libertatis
1506 1066 1681 1165 nusquam
1709 1069 1868 1145 oblitus:

408 1204 497 1279 “ita
525 1213 567 1277 ut
594 1224 809 1300 magnopere
839 1200 1040 1286 miremur,”
1066 1198 1183 1298 inquit
1208 1199 1279 1286 ille,
1307 1211 1462 1275 “extare
1492 1200 1538 1275 de
1566 1201 1713 1277 remotis
1737 1205 1784 1278 ab
1815 1228 1872 1278 or-

408 1340 454 1413 be
483 1335 600 1412 nostro
627 1333 828 1410 Hebridum
859 1343 896 1408 et
927 1332 1107 1408 Oreadum
1136 1330 1258 1406 insulis
1286 1332 1384 1408 mille
1412 1332 1565 1431 amplius
1592 1358 1768 1410 aunomm
1797 1360 1872 1411 me-

409 1469 569 1556 moriam,
596 1492 707 1567 quum
732 1467 770 1542 in
796 1466 902 1542 ltalia
926 1466 1051 1542 altrice
1075 1464 1328 1563 ingeniorum,”
1349 1474 1416 1541 ete.
1467 1465 1638 1541 Latonius
1662 1466 1783 1554 etiam,
1808 1468 1873 1544 ds·

411 1600 554 1686 oensrus,
584 1600 726 1686 Baleua
759 1611 796 1675 et
828 1599 890 1674 alii
923 1598 992 1672 viri
1024 1596 1165 1683 eruditi,
1195 1598 1300 1696 hujus
1329 1596 1474 1673 Boethii
1499 1585 1690 1697 praeconia
1718 1600 1873 1677 multum

411 1733 617 1819 celebrant3
651 1742 689 1805 et
719 1730 880 1807 Iessaeus
909 1731 1005 1806 inter
1032 1729 1103 1805 alia
1131 1732 1247 1806 multa
1269 1729 1315 1806 lie
1342 1730 1528 1831 loquitur:
1567 1730 1655 1831 Ejus
1683 1731 1790 1819 stilus,
1820 1732 1875 1808 in·

412 1865 499 1965 quit,
534 1879 553 1909 ‘⁴
566 1878 642 1942 tam
674 1867 724 1942 est
752 1866 875 1951 tersus,
910 1876 952 1940 ut
984 1864 1143 1941 Caesaris
1175 1862 1370 1962 puritatem
1404 1858 1588 1949 deooxiffe,
1622 1888 1665 1938 ao
1692 1863 1875 1939 rationum

274 1998 280 2007 ’
413 2001 675 2097 verborumque
705 1997 922 2106 ponderibus
947 1995 1000 2072 ita
1027 1993 1205 2081 nervosus,
1235 2004 1278 2070 ut
1301 1992 1485 2071 Liuianum
1509 1994 1725 2094 gravitatem
1752 1996 1791 2071 in
1819 1996 1876 2073 su·

414 2155 473 2207 am
489 2141 657 2208 naturam
673 2126 882 2206 uanstmffe
898 2127 1041 2226 penitus
1056 2126 1249 2203 videatur?
1299 2124 1443 2224 Scripsit
1459 2125 1578 2214 etiam.

564 2263 623 2339 Ad
640 2261 742 2338 suum
760 2261 908 2359 Regem,
926 2261 1138 2358 Catalogum
1155 2259 1296 2336 Seotiae
1312 2259 1464 2358 Regum

564 2396 620 2471 De
636 2394 939 2493 Navigationibus.

565 2523 869 2601 Aberdonenlium
887 2523 1103 2601 Pontificum
1120 2521 1232 2600 Vitas.

564 2656 754 2734 Sermones
769 2667 808 2733 et
824 2657 1006 2733 Lesluraa

565 2787 754 2864 Orationes
769 2796 879 2886 atque
894 2786 1068 2885 Epistulas
1084 2784 1390 2884 eloquentissimas

416 2920 464 2997 Et
494 2920 565 2996 alia
590 2921 714 2997 multa
766 2918 906 2996 Glaruit
931 2944 1025 2997 anno
1050 2919 1304 2996 incarnationis
1329 2919 1481 2997 Moesiae
1507 2924 1615 3009 1526,
1641 2921 1705 2998 sub
1737 2924 1877 3002 Jaeobo

418 3052 553 3142 Quinto
569 3077 667 3152 rege.

828 3348 894 3421 DE
920 3347 1187 3424 (summario
1212 3348 1477 3425 GREGORIO.

421 3580 663 3657 (summus
696 3579 930 3667 Gaaeomus.
961 3577 1135 3655 dlbienlis
1168 3578 1334 3656 eoelefiae
1369 3581 1637 3669 coenobiarcha,
1669 3594 1707 3659 et
1740 3584 1880 3661 theolo-

420 3736 488 3812 gus
514 3709 722 3798 Par-iliensis,
746 3735 878 3810 genere
903 3720 941 3785 et
961 3709 1107 3786 natione
1131 3709 1269 3786 Seotua
1320 3711 1399 3799 Hie,
1424 3713 1553 3790 relista
1577 3713 1640 3790 sua
1662 3716 1789 3814 patria,
1807 3712 1881 3794 (la-

422 3846 507 3921 liam
536 3843 609 3921 sola
635 3843 796 3920 studendi
823 3842 941 3942 gratia
970 3842 1101 3941 petiit;
1138 3843 1259 3942 ibique
1289 3844 1452 3921 Lutetiae
1482 3845 1698 3923 Parisiorum
1729 3848 1768 3924 in
1798 3850 1896 3927 eol-¹

423 3976 516 4077 legio
545 3976 680 4052 Montis
709 3975 818 4052 Aeuti
844 3974 1052 4050 inferiorum
1080 3975 1213 4051 artium
1245 3977 1448 4055 rudimenta
1479 3979 1694 4078 perdidicit3
1736 4007 1809 4083 quo
1842 3982 1883 4058 in

423 4112 502 4187 loeo
536 4109 670 4187 stanni
700 4109 828 4208 Majori
861 4117 1094 4184 oonterraneo
1122 4108 1186 4185 suo
1218 4109 1374 4207 primum
1402 4111 1568 4200 innotuit
1595 4124 1633 4190 et
1665 4138 1739 4212 quo
1770 4115 1882 4192 etiam

425 4242 544 4340 postea
574 4241 799 4318 familiariter
831 4240 1024 4316 admodum
1053 4238 1135 4315 usus
1167 4239 1217 4314 est
1245 4250 1283 4314 et
1311 4240 1434 4317 amioa
1485 4243 1579 4319 Cum
1610 4254 1734 4320 autem
1765 4245 1884 4322 Ludo·

426 4372 525 4447 vieus
556 4371 601 4448 de
634 4372 809 4458 Ambalia,
842 4370 898 4445 vir
930 4370 1103 4447 natalium
1136 4368 1320 4468 splendore
1351 4372 1477 4460 clarus,
1520 4385 1557 4450 et
1598 4376 1809 4454 eruditionis
1839 4402 1884 4454 ae

427 4503 613 4581 dostrinae
637 4503 782 4580 nomine
807 4502 966 4590 salebris,
996 4501 1169 4580 Albienlis
1194 4503 1303 4580 etiam
1328 4505 1492 4583 oeeleliae
1516 4507 1666 4606 praesul,
1691 4510 1774 4587 suae
1798 4510 1885 4587 eivi-

428 4636 513 4713 tatis
545 4645 654 4735 atque
687 4635 852 4713 dioeeesrs
880 4634 1102 4723 carmelitae
1131 4660 1221 4734 quos
1249 4637 1352 4714 valde
1378 4635 1560 4717 dissolutos
1592 4653 1752 4730 noverat,
1784 4668 1885 4744 mag·

429 4768 485 4844 nia
513 4766 657 4865 quidem
685 4765 891 4866 sumptibus,
919 4790 1119 4869 magnaque
1145 4767 1324 4857 industria.
1355 4768 1499 4849 oireiter
1529 4796 1664 4850 aunum
1697 4785 1883 4876 reparatae
