4470 5962
994 1094 1065 1170 DE

463 1394 1187 1510 SCRIPTORIBUS
1281 1393 1616 1508 SCOTIS

816 1720 1000 1804 LIBER
1051 1719 1257 1805 ALTER.

927 2033 1159 2047 *-

526 2261 592 2334 DE
631 2261 817 2337 SANC'H)
855 2261 1061 2346 ALBANO,
1101 2256 1373 2337 SCRIPTORE
1410 2258 1567 2335 PRIMO

779 2426 1001 2502 ILLUSTRI
1038 2422 1309 2504 SOOTORUM.

319 2629 500 2701 Amanus
528 2636 673 2722 martyr,
704 2625 847 2698 natione
881 2624 1019 2711 Scotus,
1049 2623 1112 2721 qui
1140 2624 1186 2698 ab
1222 2622 1376 2699 Albania
1405 2647 1448 2698 eo
1477 2634 1647 2721 tempore,
1678 2646 1772 2699 nunc

319 2754 447 2840 Scotia
487 2778 617 2828 nomeu
653 2753 799 2852 accepit,
838 2753 945 2851 idque
979 2754 1065 2827 dum
1105 2754 1200 2830 inter
1234 2753 1345 2829 Italos
1378 2764 1415 2828 et
1449 2754 1584 2853 Angloa
1617 2755 1772 2855 degeret.

318 2886 407 2960 Erat
439 2896 559 2960 autem
593 2909 639 2959 ex
671 2883 795 2958 illustri
828 2882 989 2983 prosapia
1022 2885 1210 2962 Scotorum
1244 2886 1425 2973 oriundus,
1463 2896 1541 2962 arte
1581 2899 1619 2963 et
1656 2887 1774 2964 Marte

319 3018 476 3093 [imiliter
505 3019 621 3092 clanis
649 3019 695 3091 ab
723 3015 959 3091 adolescentia
984 3017 1067 3106 sua3
1101 3044 1184 3096 nam
1210 3043 1293 3095 cum
1321 3018 1504 3118 utriusque
1533 3018 1774 3119 philosophiae

320 3152 432 3226 studio
454 3150 507 3224 rei
530 3149 694 3223 militaris
722 3147 932 3223 exercitium
961 3149 1158 3249 copulabat.
1206 3152 1249 3225 In
1277 3149 1383 3227 sacris
1409 3162 1446 3226 ct
1468 3151 1624 3251 profanis
1653 3151 1774 3237 liter-ia,

320 3285 383 3358 sub
416 3283 551 3381 optimo
584 3292 813 3380 praeceptore
841 3281 1057 3381 Amphibalo
1083 3284 1228 3369 Ouldeo
1263 3294 1497 3358 conterraneo
1530 3281 1602 3369 suo,
1637 3284 1777 3359 erudie-

320 3419 452 3502 batur;
483 3439 564 3488 cum
599 3438 670 3510 quo
698 3413 852 3489 Romam
880 3412 994 3512 petiit
1029 3413 1091 3488 ubi
1124 3413 1188 3489 sub
1221 3412 1446 3489 Diocletiano
1486 3411 1632 3488 tribuno
1665 3412 1776 3511 spatio

322 3547 454 3645 septem
483 3569 659 3620 annomm
689 3545 864 3620 militavit.
926 3545 1102 3621 Reversus
1130 3545 1274 3620 demum
1305 3544 1342 3620 in
1371 3544 1597 3620 Britanniam
1631 3544 1777 3621 Verola-

323 3679 385 3754 mii
411 3678 570 3753 substitit.
593 3679 657 3777 ‘In
679 3678 920 3776 persecutione
945 3678 1007 3754 illa
1032 3676 1267 3754 crudeliffima
1290 3678 1355 3753 sub
1377 3676 1600 3754 Diocletiano
1623 3677 1779 3777 Impera·

322 3824 410 3898 tore,
439 3838 522 3886 cum
548 3810 763 3910 intelligeret
792 3810 1046 3909 amphibalum
1080 3820 1348 3910 praeceptorem
1378 3807 1478 3884 suum
1507 3834 1573 3910 pro
1606 3810 1779 3909 evangelii

322 3942 585 4041 praedicatione
612 3941 658 4015 ad
683 3951 836 4015 mortem
862 3939 1058 4039 quaefitum
1081 3938 1191 4027 fuiffe,
1216 3942 1279 4016 snb
1307 3942 1382 4040 ejus
1408 3942 1545 4017 amictu
1571 3939 1781 4040 inquisitori·

323 4078 390 4150 bus
413 4074 448 4150 se
471 4073 601 4149 obtulit
625 4073 794 4160 Albanus,
818 4073 879 4170 qui
901 4073 1089 4148 tormentis
1111 4075 1322 4174 exagitatus,
1345 4074 1457 4150 securi
1479 4074 1624 4148 tandem
1646 4084 1782 4173 martyr

323 4206 531 4306 percutitur.
587 4204 671 4279 Fuit
694 4205 814 4304 itaque
840 4204 935 4280 illius
957 4204 1089 4281 inlulae
1115 4217 1365 4307 protomartyr,
1391 4204 1556 4305 locusque
1581 4205 1618 4281 in
1643 4205 1783 4281 hodier-

325 4365 412 4414 num
440 4338 548 4436 usque
578 4338 672 4412 diem
703 4338 833 4411 Albani
859 4337 998 4412 Fanum
1027 4347 1279 4436 nuncupatum
1308 4350 1350 4413 ut
1379 4338 1565 4426 Baroniua,
1593 4336 1781 4423 Usuardua,

325 4471 515 4556 Notkerua
539 4471 767 4554 Fortunatus,
788 4470 1012 4556 Trithemius,
1036 4469 1260 4544 Breviarium
1281 4468 1567 4557 Eooleliasticum,
1585 4470 1784 4570 Dempster-

325 4628 376 4688 us,
395 4615 432 4678 et
456 4602 515 4676 alii
533 4601 638 4677 multi
654 4602 835 4677 testantur.
884 4600 1127 4676 Hartmannua
1145 4602 1254 4677 etiam
1270 4602 1386 4679 canit:

728 4775 824 4834 Scotia
835 4773 864 4832 se
877 4774 992 4833 Albano
1005 4773 1117 4834 felicem
1130 4782 1254 4853 martyre
1267 4775 1379 4845 clamat,
1458 4782 1461 4789 '

766 4886 895 4946 Victima
907 4885 958 4965 qui
970 4885 1084 4946 Christo
1096 4886 1189 4965 prima
1201 4885 1342 4948 Britanna
1353 4886 1418 4947 fuit.
