4470 5962
553 514 616 577 100
962 508 1027 574 DE
1062 507 1406 576 SCRIPTORIBUS
1440 508 1608 574 sco‘rls

554 696 698 772 heroica
726 695 946 795 philosophia
971 696 1010 769 in
1036 695 1217 770 censendis
1246 706 1283 770 et
1309 692 1556 772 distribuendis
1583 692 1756 769 nobilium
1785 692 1919 792 clypeis
1948 693 2012 769 ad·

554 827 701 902 modum
728 835 900 924 occupata
928 826 987 900 est
1041 825 1158 901 David
1183 825 1293 924 igitur
1321 828 1380 902 hic
1409 853 1491 903 cum
1519 826 1644 904 aulicis
1672 825 1846 911 omnibns,
1872 823 1946 901 imo
1972 835 2011 900 et

554 958 629 1056 ipso
662 982 746 1057 rege
774 958 911 1032 Jaeobo
940 956 1085 1043 Quinto,
1115 957 1161 1030 ob
1190 957 1322 1056 ingenii
1352 959 1441 1035 varii
1470 959 1580 1045 dotes,
1610 980 1683 1033 non
1708 956 1892 1055 vulgarem
1925 979 2009 1030 con-

554 1090 667 1164 traxit
702 1087 896 1165 amicitiam
937 1098 975 1162 et
1016 1087 1319 1164 familiaritatem:
1362 1090 1446 1164 hinc
1483 1115 1506 1166 a
1538 1114 1623 1189 rege
1656 1111 1838 1164 armorum
1870 1111 1935 1161 rex
1970 1096 2011 1162 et

555 1245 663 1318 eques
697 1222 741 1294 de
770 1220 874 1295 Mont
906 1229 1069 1304 ereatur3
1103 1220 1199 1318 quod
1229 1219 1372 1317 quidem
1399 1244 1528 1295 munus
1556 1219 1645 1295 adeo
1673 1218 1759 1295 scite
1788 1228 1826 1295 et
1855 1218 2010 1316 pruden-

555 1362 613 1427 ter
637 1351 757 1451 postea
781 1351 912 1437 obibat,
946 1348 1118 1425 nobilium
1152 1360 1190 1424 et
1221 1349 1442 1448 plebeiorum
1479 1348 1616 1424 summo
1648 1348 1826 1448 applausu
1860 1358 1901 1422 ut
1936 1371 2010 1423 non

555 1481 739 1556 minimam
766 1480 909 1555 landem
935 1478 1018 1554 inde
1043 1477 1277 1578 acquisiverit.
1327 1480 1393 1554 Vir
1424 1491 1502 1557 erat
1534 1480 1643 1579 lepidi
1669 1490 1707 1556 et
1733 1478 1840 1556 faceti
1865 1478 2010 1580 ingenii,

549 1613 685 1710 judicio
712 1623 833 1686 tamen
862 1610 1001 1696 solidus,
1030 1609 1142 1684 mirae
1171 1608 1393 1697 urbanitatis,
1422 1611 1563 1686 oonsilio
1592 1609 1822 1686 nihilominus
1853 1610 2011 1709 prudeus

557 1756 593 1819 et
620 1744 726 1820 corde
756 1742 846 1842 pius,
879 1739 1049 1816 sermonis
1080 1739 1193 1838 politi,
1219 1741 1362 1839 lingrme
1387 1742 1585 1840 expeditae,
1614 1740 1903 1818 eminentillimae
1932 1752 2009 1816 tam

556 1878 594 1950 in
623 1875 729 1952 sacris
758 1899 865 1973 quam
894 1872 931 1946 in
960 1871 1116 1972 profanis
1141 1871 1254 1948 literis
1279 1871 1454 1950 scientiae.
1505 1872 1630 1949 Poefin
1658 1873 1847 1973 praecipue
1875 1873 2009 1960 coluit,

557 2009 661 2095 unde,
697 2009 783 2081 dum
816 2004 937 2093 studiis
968 2003 1158 2101 aliquando
1191 2015 1344 2091 vacaret,
1383 2002 1577 2102 composuit
1619 2004 1715 2081 inter
1747 2014 1899 2092 caetera,
1932 2004 2011 2080 vul·

557 2137 635 2236 gari
652 2136 820 2223 sermone,

706 2265 848 2342 Psittaci
873 2266 1142 2352 Testamentum,
1159 2265 1219 2340 lib.

705 2399 801 2472 aaa
820 2396 872 2471 sui
889 2397 1081 2494 Temporis,
1099 2397 1159 2472 lib.

706 2530 761 2604 De
778 2527 905 2602 Mundi
921 2527 1080 2614 Miseriis,
1097 2527 1158 2604 lib.

706 2660 967 2734 Testamentum
984 2659 1182 2734 Gardinalis
1199 2659 1338 2735 Betoni.

705 2791 896 2866 Certamen
912 2789 1007 2863 inter
1021 2790 1197 2866 Jaeobum
1213 2790 1408 2866 Vatsonum
1424 2803 1461 2866 et
1475 2793 1653 2868 loannem
1669 2790 1867 2867 Tonsorem

706 2921 891 2996 Somnium
908 2920 1054 2995 Davidis
1071 2920 1231 3008 lindesri,
1249 2921 1295 2996 ad
1312 2923 1449 3022 Regem
1464 2924 1640 2999 Jaoobum
1656 2922 1840 3012 Quintum.

706 3050 1002 3126 Exhortationem
1018 3050 1064 3125 ad
1080 3052 1233 3126 eundem
1249 3053 1395 3154 Regem.

705 3182 996 3281 Deplorationem
1013 3180 1141 3256 Mortis
1157 3182 1317 3282 Reginae
1333 3184 1574 3284 Magdulenae.

706 3311 988 3411 Descriptionem
1004 3310 1168 3399 Paradifi,
1186 3323 1224 3387 et
1239 3312 1311 3388 alia
1326 3312 1435 3389 etiam
1450 3314 1643 3391 contexuit.

557 3441 695 3519 Glaruit
710 3466 804 3517 anno
820 3442 1003 3541 postquam
1020 3442 1178 3520 Verbum
1195 3467 1279 3521 caro
1295 3444 1431 3520 aarum
1447 3444 1496 3520 est
1515 3446 1623 3530 1540,
1639 3443 1702 3521 sub
1718 3444 1862 3520 Jacobo'
1872 3442 2007 3532 Quinto

556 3575 753 3651 Scotorum.

967 3870 1033 3945 DE
1058 3870 1358 3947 ALEXANDRO
1382 3868 1596 3946 SETONIO.

555 4104 797 4177 munna
824 4100 1023 4187 Suroruus,
1049 4101 1238 4201 theologus
1267 4100 1417 4201 insignis,
1446 4100 1565 4176 Caroli
1593 4093 1806 4173 illudtriffimi
1835 4094 2008 4173 Sudovol·

557 4234 697 4332 giorum
730 4216 829 4308 ducis
861 4232 1073 4331 capellanus,
1103 4234 1199 4309 claro
1228 4243 1266 4308 et
1294 4231 1419 4308 illustri
1452 4231 1679 4307 Setoniorum
1705 4226 1850 4315 munilia,
1879 4228 2008 4305 natali·

556 4388 688 4463 umque
719 4364 904 4464 splendore
933 4364 1104 4451 oonrscus,
1133 4386 1264 4465 genere
1292 4377 1329 4439 et
1358 4362 1501 4440 natione
1534 4362 1670 4446 scotus,
1702 4358 1840 4435 Jacobo
1869 4358 2007 4446 anto

556 4495 743 4571 Scotorum
777 4495 854 4595 regi
886 4520 909 4571 a
940 4493 1172 4572 conscientiae
1204 4495 1355 4572 secretis
1430 4493 1518 4567 Erat
1556 4503 1653 4567 certe
1685 4492 1732 4566 ad
1764 4490 1935 4567 virtutem
1968 4501 2006 4565 et

554 4627 666 4702 bonas
691 4626 815 4703 literas
842 4651 865 4702 a
893 4636 1022 4701 natura
1053 4627 1136 4726 ipsa,
1164 4627 1242 4703 Deo
1269 4625 1417 4724 auspice,
1450 4625 1568 4701 aaa
1596 4635 1634 4699 et
1660 4624 1842 4700 formatus.
1909 4621 2006 4697 Hinc

552 4765 699 4856 propter
724 4757 879 4834 indolem
908 4757 1125 4857 praeclaram
1154 4769 1192 4834 et
1219 4759 1316 4858 spem
1343 4779 1451 4857 quam
1480 4756 1524 4831 de
1547 4781 1591 4832 eo
1620 4765 1856 4855 conceperant
1879 4777 2006 4831 omues
