4448 5964
676 499 740 564 ΒΕ
779 497 1123 566 SCRIPTORIBUS
1161 497 1329 563 SCOTlS.

424 690 519 765 aaa
535 686 598 762 ss.
620 652 791 762 Germani
807 696 845 760 a
860 684 962 784 Lupi,
978 684 1039 759 ne.
1056 706 1082 758 1.

424 821 565 918 Regum
582 818 837 893 Britannorum
854 816 1053 904 Historiam,
1071 817 1131 891 lib.
1149 837 1174 890 1.

423 954 478 1027 De
495 951 659 1036 Vidtoma
675 949 813 1026 Aurelii
830 948 1017 1037 Ambrosii,
1034 950 1094 1024 lib.
1111 970 1137 1022 1.

423 1083 554 1160 Versus
571 1082 839 1168 vaticiniorum,
857 1081 917 1155 lib.
935 1104 960 1155 1.

423 1215 479 1289 De
497 1216 608 1291 Sexto
624 1213 883 1313 Cognoscendo,
901 1212 961 1287 lib.
979 1234 1004 1287 1.

423 1347 539 1446 Super
555 1347 681 1423 eodem
698 1346 819 1431 Sexto,
836 1345 897 1419 lib.
915 1366 940 1419 1.

275 1477 427 1576 Aliaque
468 1504 577 1578 opera
617 1502 709 1575 quae
748 1475 920 1575 temporis
956 1473 1086 1575 injuria
1126 1472 1318 1572 perierunt.
1386 1471 1568 1546 Praedioti
1601 1468 1728 1545 Gildae

274 1608 385 1684 vitam
401 1608 537 1710 scripsit
554 1610 757 1686 Caradocus
772 1607 1079 1698 Laucarbanensis,
1096 1610 1165 1684 hoc
1180 1608 1303 1683 addito
1320 1607 1498 1683 carmine:

629 1838 776 1898 Historiae
789 1837 892 1897 veteris
905 1837 1008 1899 Gildas
1018 1838 1182 1902 luculentus
1194 1847 1288 1899 arator

667 1952 750 2010 Haec
762 1949 868 2018 retulit,
882 1968 970 2028 parvo
982 1950 1107 2013 carmine
1119 1942 1203 2029 pluia
1214 1956 1327 2008 notans.

274 2147 431 2221 Tandem
455 2146 501 2221 de
525 2144 708 2244 republica
732 2146 891 2223 literaria
910 2146 1045 2245 optime
1069 2145 1227 2231 meritus
1254 2148 1279 2218 4
1303 2143 1379 2220 Cal.
1404 2141 1590 2216 Februarii
1617 2139 1728 2214 vitam

273 2277 389 2352 finivit
421 2277 459 2351 in
492 2276 607 2352 insula
635 2277 698 2364 lla,
732 2276 794 2351 ubi
828 2289 866 2352 et
898 2277 1056 2377 sepultus
1084 2277 1142 2364 est,
1172 2302 1267 2353 anno
1296 2285 1481 2374 reparatae
1511 2272 1632 2348 salutis
1662 2272 1728 2345 hu-

274 2435 400 2486 manae
417 2412 501 2496 512,
518 2410 582 2484 sub
599 2409 764 2485 Cumano
781 2409 970 2485 Scotorum
986 2433 1081 2508 rege.

705 2704 771 2778 DE
797 2703 985 2778 DAVIDE
1010 2702 1301 2779 MENEVENSI.

277 2937 409 3009 Duum
437 2929 658 3008 Menevenfis
691 2931 893 3031 Episcopus,
923 2934 1066 3009 natione
1097 2934 1233 3020 Scotus,
1259 2932 1400 3007 Paulini
1430 2944 1467 3007 et
1496 2933 1600 3007 Iltuti
1627 2959 1729 3032 prae-

275 3078 460 3167 ceptorum
487 3062 762 3140 doctillimorum
794 3065 992 3165 discipulus,
1018 3066 1073 3140 vir
1098 3065 1160 3141 suo
1190 3065 1328 3140 sacerdo
1354 3065 1448 3140 vitae
1474 3064 1661 3141 sanctitate
1691 3077 1727 3139 et

276 3197 443 3299 singulari
473 3196 637 3273 deserina
661 3197 816 3272 multum
841 3199 998 3286 celebris,
1024 3200 1070 3274 ab
1095 3195 1177 3296 ipsis
1200 3197 1335 3272 teneris
1358 3197 1461 3272 annis
1488 3197 1526 3272 in
1552 3198 1729 3273 exercitiis

275 3333 419 3433 pietatis
458 3341 497 3406 et
537 3332 711 3405 bonarum
752 3330 937 3406 literarum
978 3329 1112 3406 solicite
1153 3331 1199 3404 ab
1241 3330 1353 3404 Iltuto
1392 3330 1500 3405 Scoto
1546 3330 1725 3406 educatus.

276 3464 400 3564 Spatio
428 3463 552 3538 decem
584 3486 760 3537 annorum
788 3459 919 3538 affidue
948 3461 986 3535 in
1020 3462 1055 3535 S.
1090 3462 1295 3560 Scripturas
1324 3461 1478 3537 lettione
1511 3472 1548 3537 et
1580 3463 1729 3537 medita-

275 3599 373 3673 tione
399 3593 567 3681 versatus,
596 3619 663 3668 nec
691 3594 779 3669 alios
806 3593 944 3670 interea
971 3592 1142 3690 temporis
1167 3593 1295 3667 docere
1323 3590 1501 3692 aggressus
1530 3595 1588 3670 ast.
1639 3595 1728 3671 Erat

275 3729 394 3816 otiam,
427 3737 470 3802 ut
502 3726 677 3802 lelandus
717 3736 756 3801 et
794 3726 855 3800 alii
887 3725 1020 3812 dicunt,
1053 3724 1215 3800 amabilis
1257 3724 1369 3811 valde,
1409 3726 1512 3802 vultu
1553 3728 1726 3815 venustus
1761 3802 1763 3806 ,
1803 3801 1806 3804 4

274 3861 391 3935 forma
421 3858 633 3958 praeclarus,
667 3858 848 3944 facundus,
881 3856 1060 3955 eloquens,
1095 3867 1132 3931 et
1165 3867 1320 3954 quatuor
1352 3859 1555 3936 cubitorum
1596 3861 1728 3939 statura

276 3988 428 4064 arettas.
480 3988 677 4063 Duodecim
699 3986 908 4062 monasteria
932 3987 1139 4075 construxit,
1160 3998 1198 4063 et
1222 3989 1414 4065 monachos
1437 3989 1579 4066 suarum
1604 4018 1728 4068 manu-

276 4146 338 4196 um
361 4120 541 4196 laboribus
567 4119 731 4195 vistitara
757 4119 916 4195 instituit.
959 4119 1187 4219 Pelagianam
1209 4117 1370 4196 haerefin
1393 4123 1603 4222 profligavit,
1631 4127 1726 4200 unde
1854 4198 1858 4207 ,

276 4252 463 4328 Cambriae
489 4251 733 4349 metropolites
755 4261 793 4326 et
812 4251 945 4349 primas
968 4250 1085 4325 fanus
1105 4251 1174 4338 elt3
1200 4261 1309 4349 atque
1331 4251 1440 4327 etiam
1456 4279 1622 4353 magnam
1644 4281 1726 4330 cum

275 4386 436 4461 Arthuro
468 4408 553 4483 rege
579 4382 683 4458 inivit
711 4383 873 4482 gratiam,
904 4383 994 4459 adeo
1021 4390 1062 4456 ut
1088 4381 1285 4456 abeodem
1311 4407 1395 4482 rege
1423 4384 1468 4458 ad
1497 4386 1725 4485 archiepisco

275 4527 400 4616 patum
426 4514 468 4590 s1t
501 4517 656 4600 evectus,
686 4524 728 4590 ut
753 4513 861 4589 fusim
888 4512 1000 4590 tradit
1026 4512 1237 4611 Ranulphus
1267 4513 1474 4602 Celtrienlis,
1505 4517 1564 4591 lib.
1595 4518 1617 4592 i.
1648 4544 1723 4618 cap.

275 4647 352 4722 liis
389 4647 484 4746 quod
512 4646 564 4723 ita
591 4645 638 4722 ad
667 4646 953 4722 Normannorum
981 4645 1091 4744 usque
1119 4656 1283 4745 tempora
1309 4648 1507 4746 permansit,
1537 4661 1574 4726 et
1603 4676 1726 4728 omnes

273 4777 427 4879 episcopi
454 4778 639 4856 Vallorum
667 4777 821 4877 abipso,
849 4789 890 4854 ut
913 4802 937 4853 a
960 4776 1022 4853 suo
1047 4778 1209 4877 primate,
1236 4779 1534 4859 consecrationem
1562 4808 1724 4884 acceper-
