4448 5964
780 474 846 539 ΒΕ
884 474 1226 541 SCRIPTORIBUS
1262 475 1431 541 SCOTIS.
1766 478 1830 542 125

381 663 453 740 oris
488 662 695 736 literaturae
733 673 908 747 ornatum
951 660 1216 760 philosophiam,
1254 660 1577 769 jurisprudentiam,
1622 673 1660 737 et
1705 662 1832 761 poesin,

382 793 462 892 plus
495 817 603 891 quam
635 791 829 890 vulgariter
862 791 997 877 coluit;
1032 792 1234 867 eratenim
1266 803 1373 891 poeta
1409 818 1482 867 non
1515 793 1679 892 vulgaris,
1714 805 1835 870 orator

383 923 542 1010 disertus,
569 912 836 1030 jurisconsultus
863 932 1041 1020 expertus
1071 932 1109 997 et
1136 924 1363 1022 philosophus
1398 923 1621 1001 acutissimus.
1671 925 1835 1024 Denique

384 1056 439 1130 vir
463 1066 541 1130 erat
564 1055 676 1129 felicis
701 1053 845 1153 ingenii,
868 1063 905 1128 et
928 1054 967 1127 in
990 1054 1196 1145 melioribus
1218 1055 1416 1152 quibusque
1443 1054 1634 1153 disciplinis
1657 1053 1837 1155 insigniter

384 1188 553 1272 eruditus,
595 1187 751 1260 carmine
789 1185 965 1260 excellens
998 1196 1035 1259 et
1067 1183 1178 1283 prosa,
1217 1196 1253 1261 et
1287 1185 1349 1283 qui
1385 1185 1514 1283 scripta
1550 1187 1723 1285 quaedam
1757 1197 1836 1261 tum

385 1317 485 1393 versu
518 1328 598 1391 tum
623 1316 726 1415 prosa
753 1316 843 1390 terse
873 1316 1054 1413 nitidaque
1081 1315 1306 1413 composuisse
1332 1317 1549 1414 perhibetur.
1612 1318 1688 1391 Hos
1716 1328 1837 1393 autem

385 1448 515 1523 laboris
545 1447 596 1521 sui
625 1445 765 1522 fruens
790 1446 936 1544 posteris
961 1446 1008 1522 ad
1036 1447 1349 1535 oblectamentum,
1380 1458 1418 1522 et
1446 1450 1493 1523 ad
1522 1450 1748 1524 commodum
1774 1447 1837 1524 fibi

386 1579 431 1653 ad
447 1579 600 1653 nominis
616 1578 921 1653 immortalitatem
939 1579 1105 1677 reliquit:

535 1709 709 1808 Epistolas
724 1707 957 1808 responsorias
973 1710 1135 1808 Epistolis
1152 1710 1341 1797 ovidianis,
1358 1710 1514 1786 carmine
1531 1710 1640 1786 etiam
1655 1709 1808 1787 heroico.

534 1843 758 1940 Hymnorum
775 1840 916 1916 librum.

535 1973 803 2070 Epigrammata
818 1981 856 2046 et
873 1971 1040 2046 Carmina
1056 1971 1163 2046 varia

534 2103 798 2177 Commentario
813 2102 852 2175 in
868 2102 1109 2179 Institutiones
1123 2105 1149 2178 J
1150 2104 1232 2179 uris.

533 2234 769 2331 Epistolarum
786 2234 927 2308 librum.

534 2366 722 2442 Orationes
738 2365 862 2452 varias,
879 2366 1034 2441 Graecas
1050 2377 1087 2441 et
1102 2366 1254 2443 Latinas.

533 2498 796 2573 Commentaria
812 2497 969 2599 Caesaris
984 2499 1023 2573 in
1039 2483 1212 2574 Graecam
1229 2499 1387 2598 linguam
1403 2501 1590 2576 transtulit.

534 2629 745 2728 Apologiam
778 2629 816 2703 in
849 2628 1082 2704 defensionem
1115 2631 1215 2705 Petri
1248 2631 1385 2717 Bembi‚
1420 2633 1642 2732 aliorumque
1674 2643 1835 2708 veterum

584 2763 785 2847 Oratorum,
804 2772 929 2837 contra
943 2761 969 2834 J
970 2761 1084 2836 ustum
1100 2760 1262 2860 Lipfium.

387 2892 530 2992 Scripfit
555 2893 664 2968 etiam
686 2892 949 2990 Philosophum,
972 2894 1177 2980 Rhetorem,
1201 2905 1238 2970 et
1260 2895 1409 2972 Poetam
1430 2897 1639 2992 perscstum,
1664 2921 1737 2972 non
1763 2896 1836 2972 edi·

387 3040 474 3113 tum,
499 3027 594 3124 quod
615 3025 731 3100 sciam.
784 3025 921 3100 Claruit
944 3049 1037 3100 anno
1058 3024 1134 3122 post
1155 3026 1349 3100 adventum
1371 3024 1513 3102 Meffiae
1535 3028 1574 3101 in
1596 3053 1701 3104 carne
1729 3030 1835 3114 1598,

388 3160 473 3233 dum
490 3157 621 3232 Scotici
636 3156 738 3257 regni
754 3156 931 3255 sceptrum
946 3167 1085 3232 teneret
1100 3158 1257 3233 Jacobns
1272 3157 1391 3233 sextus
1408 3158 1514 3257 hujus
1529 3160 1784 3258 appellationis.

786 3452 852 3528 DE
877 3453 1104 3528 PATRJCIO
1130 3454 1433 3531 ANDERSONO.

389 3686 597 3761 Paralcms
622 3686 889 3770 Annnnsonns,
915 3682 1053 3759 Jesuita
1080 3680 1297 3781 professione,
1327 3694 1364 3758 et
1394 3684 1522 3760 Scotus
1550 3685 1703 3772 natione,
1733 3696 1838 3762 natus

390 3817 428 3890 in
460 3817 589 3914 Elgina
616 3816 660 3888 dc
689 3814 846 3914 Murray,
880 3815 926 3887 ab
958 3812 1032 3911 ipsa
1064 3813 1180 3887 statim
1213 3815 1366 3911 pueritia
1394 3814 1496 3889 bonis
1523 3814 1636 3891 literis
1669 3817 1838 3904 initiatus,

390 3949 428 4022 in
457 3948 530 4023 solo
558 3947 669 4021 natali
702 3947 824 4021 literas
854 3970 945 4045 quae
974 3947 1020 4019 ab
1049 3945 1270 4020 humanitate
1298 3972 1428 4021 nomen
1463 3960 1685 4046 acceperunt,
1719 3949 1839 4025 sedulo

388 4090 577 4179 parentum
605 4103 699 4163 cura
730 4078 862 4152 didicit.
930 4077 1054 4152 Postea
1086 4076 1260 4150 maturior
1286 4078 1403 4152 fastus
1432 4078 1470 4151 in
1501 4081 1693 4156 Academia
1726 4084 1838 4158 Aber-

390 4209 531 4287 donenfi
560 4221 635 4285 tam
661 4209 817 4284 sedulam
844 4208 942 4283 dedit
970 4207 1174 4283 melioribus
1202 4207 1316 4299 literis
1345 4220 1381 4283 ct
1409 4209 1657 4308 philosophicis
1685 4237 1839 4312 operam,

389 4353 430 4417 ut
454 4343 632 4443 gradatim
659 4342 704 4416 ad
729 4341 892 4437 suprema
915 4339 1164 4423 conscenderit,
1192 4338 1286 4411 unde
1313 4363 1386 4413 non
1412 4339 1600 4428 immerito,
1624 4343 1701 4440 post
1724 4343 1840 4420 varios

265 4488 270 4495 '
391 4472 612 4572 quadriennii
640 4473 792 4557 sudores,
822 4471 953 4545 artium
980 4467 1177 4570 magisterio
1206 4468 1357 4543 donatus
1384 4470 1463 4544 fuit.
1514 4473 1556 4545 In
1583 4474 1842 4572 quaestionibus

392 4603 547 4677 maxime
573 4602 767 4687 subtilibus,
800 4610 836 4675 et
865 4599 1217 4675 demonstrationibus
1246 4600 1515 4688 mathematicis
1550 4603 1644 4678 inter
1676 4605 1843 4681 condisci-

391 4735 494 4832 pulos
517 4733 597 4809 suos
618 4733 750 4831 primas
778 4731 914 4830 semper
939 4730 1113 4818 obtinuit3
1142 4731 1179 4804 in
1205 4729 1312 4807 sacris
1338 4733 1451 4810 literis
1477 4733 1676 4832 ingeniosus
1702 4747 1740 4814 et
1764 4737 1843 4814 sub·
