4448 5964
1098 509 1121 552 V

381 707 465 760 non
500 707 630 789 pauca
663 677 942 789 interpolavit,
973 690 1016 760 et
1050 678 1252 760 dictiones
1286 679 1436 787 passim
1460 677 1733 770 ,immutavit3
1768 705 1832 758 res

382 818 546 924 pessimi
567 846 664 900 sane
686 815 877 927 exempli,
897 845 974 899 nec
993 816 1082 898 sine
1102 816 1281 898 censoris
1300 828 1400 897 nota
1420 816 1693 898 admittenda.

436 955 517 1036 Sed
537 959 626 1066 jam
657 958 871 1038 redeamus
900 955 954 1036 ad
981 953 1107 1036 libros
1135 954 1189 1035 de
1217 953 1493 1064 Scriptoribus
1525 954 1666 1051 Scotis,
1694 952 1834 1034 hacte-

382 1121 461 1174 nus
491 1095 534 1174 in
555 1093 817 1177 bibliothecis
839 1093 1224 1202 Edinburgensium
1244 1091 1433 1174 latentes.
1496 1091 1684 1190 Lelandi‚
1704 1090 1833 1187 Balei‚

384 1232 706 1341 Dempsterique
727 1233 902 1341 vestigia
930 1232 1016 1314 fere
1044 1232 1321 1341 persequitur,
1341 1243 1384 1312 et
1404 1232 1569 1312 inanem
1600 1229 1835 1340 saepissime

382 1370 540 1477 patriae
573 1369 748 1479 gloriam
777 1382 942 1481 captat:
982 1370 1151 1453 Coelius
1183 1368 1387 1467 Sedulius
1420 1371 1619 1452 Rabanus
1647 1369 1835 1464 Maurus,

381 1507 566 1590 Joannes
596 1508 789 1619 Erigona,
821 1510 1037 1592 Marianus
1066 1512 1222 1605 Scotus,
1253 1520 1353 1590 sunt
1384 1536 1527 1590 omnes
1556 1509 1666 1589 inter
1694 1510 1836 1589 Scotos

383 1657 544 1727 nostros
579 1645 709 1728 relati.
781 1648 990 1730 Robertus
1020 1646 1122 1729 item
1156 1645 1439 1755 Langlandus,
1474 1646 1647 1755 insignis
1680 1643 1837 1754 Anglo-

383 1809 477 1863 rum
516 1796 649 1893 poeta,
699 1797 806 1867 teste
844 1785 1113 1884 Buohanano‚
1152 1785 1322 1866 natione
1361 1784 1443 1864 fuit
1482 1787 1638 1881 ScotuS,
1687 1783 1837 1864 “inter

383 1921 606 2004 monachos
645 1923 941 2006 Benedictinos
981 1925 1183 2006 educatus
1221 1922 1265 2003 in
1304 1921 1472 2003 civitate
1514 1922 1835 2003 Abcrdonensi.”

384 2058 513 2141 Amor
542 2062 701 2171 patriae
729 2061 966 2144 laudandus
986 2074 1060 2160 est,
1088 2062 1161 2144 sed
1181 2088 1272 2142 acre
1301 2061 1605 2168 subactumque
1629 2059 1838 2170 judicium

384 2199 675 2283 desideramus.
736 2201 862 2283 Ratio
892 2214 1130 2312 temporum
1163 2228 1284 2310 saepe
1323 2197 1512 2307 neglecta
1545 2210 1618 2296 est,
1653 2199 1756 2280 adeo
1789 2211 1838 2278 ut

384 2337 486 2419 ordo
505 2339 713 2449 seriesque
733 2368 880 2449 regum
899 2342 1128 2437 Scotorum,
1148 2367 1328 2449 quorum
1348 2338 1402 2419 ad
1421 2350 1601 2420 aetatem
1621 2337 1840 2447 scriptores

384 2503 480 2558 suos
499 2478 638 2576 refert,
671 2479 900 2561 identidem
920 2480 976 2561 sit
1004 2481 1182 2561 turbata.
1240 2475 1382 2586 Stylus
1412 2505 1496 2558 non
1517 2477 1674 2586 ubique
1702 2503 1841 2584 comp

386 2626 454 2695 tus
484 2616 686 2699 etfacilis
721 2629 795 2715 est,
825 2646 901 2700 nec
930 2617 1096 2700 dicendi
1128 2643 1261 2726 genus
1290 2616 1389 2734 satis
1410 2615 1623 2696 Latinum.
1682 2613 1841 2695 Verum

387 2754 597 2837 enimvero
631 2767 810 2866 uterque
849 2756 953 2838 liber
991 2758 1160 2839 indocta
1192 2782 1321 2836 manu
1356 2764 1420 2835 est
1458 2755 1700 2864 exscriptus,
1734 2751 1841 2834 mul-

387 2893 524 3002 tisque
558 2895 602 2976 in
637 2894 738 2978 locis
772 2894 881 2977 male
914 2896 1094 2979 habitus.
1163 2893 1293 2975 Haud
1324 2920 1457 3002 pauca
1497 2892 1756 2974 restituimus
1791 2920 1842 2973 ex

389 3030 634 3130 Trithemio,
663 3032 803 3131 Bale0,
833 3034 1024 3131 Boethio,
1053 3031 1237 3129 Leslaeo,
1266 3029 1452 3141 aliisque,
1483 3058 1662 3141 quorum
1692 3032 1842 3113 scrinia
1955 3112 1960 3119 .

390 3169 639 3280 compilavit.
700 3172 889 3253 Primum
924 3172 1076 3255 codicis
1108 3170 1232 3282 primi
1264 3169 1412 3252 folium
1444 3183 1509 3252 est
1541 3170 1688 3252 leviter
1717 3172 1843 3252 muti-

388 3307 535 3406 latum,
573 3321 616 3389 et
651 3313 776 3392 verba
815 3312 1019 3420 quaedam
1060 3340 1111 3393 ex
1149 3309 1333 3392 Sibbaldi
1373 3310 1611 3421 apographo
1650 3310 1844 3391 restituta

389 3460 500 3529 sunt.
562 3447 675 3530 Hinc
704 3449 889 3530 manavit
919 3454 1094 3547 νηπιοδυτα,
1125 3476 1206 3529 vox
1236 3445 1369 3544 nihili,
1399 3475 1475 3558 pro
1505 3476 1589 3558 qua
1618 3448 1843 3558 legendum

391 3615 536 3668 censeo
565 3595 756 3691 νηπιόφρονα,
786 3588 922 3687 idest,
952 3586 1104 3699 puerili
1130 3587 1370 3669 innocentia
1393 3588 1642 3695 praeditum.
1700 3588 1845 3670 Codex

390 3752 519 3805 unam
567 3726 862 3807 tantummodo
909 3725 1109 3835 syllabam
1149 3726 1344 3823 ostendit,
1383 3756 1423 3810 νη.
1504 3727 1609 3808 Mox
1657 3726 1844 3836 legimus,

390 3876 411 3912 “
430 3891 542 3944 anno
571 3863 754 3945 secundo
787 3877 882 3973 post
900 3864 1056 3948 bellum
1086 3864 1195 3945 illud
1214 3864 1267 3945 de
1286 3862 1379 3949 Cul
1407 3866 1554 3947 aetatis
1575 3893 1672 3947 suae
1699 3871 1844 3963 anno‚’'

392 4015 434 4084 et
466 4030 576 4111 quae
614 4014 860 4111 sequuntur.
929 4004 997 4084 Ex
1029 4003 1269 4085 Adomnani
1303 4003 1403 4086 Vita
1436 4002 1676 4102 Columbae,
1711 4003 1781 4087 lib.
1817 4005 1844 4086 i.

394 4171 480 4253 cap.
500 4141 568 4223 vii.
600 4139 884 4251 supplevimus
903 4140 1183 4226 Culedrebcae.

448 4280 516 4361 Ad
549 4279 702 4362 calcem
736 4280 889 4362 codicis
923 4281 1144 4362 academici
1180 4292 1243 4363 est
1279 4291 1302 4329 ‘⁴
1321 4280 1545 4391 Appendix
1579 4285 1844 4391 quorundam

393 4419 649 4529 Scriptorum
683 4430 848 4501 nostrae
884 4418 1087 4518 Nationis,
1126 4420 1179 4502 de
1214 4420 1367 4530 quibus
1406 4419 1615 4530 plerisque
1648 4451 1771 4533 parca
1804 4447 1847 4508 et

389 4562 536 4669 jejuna
564 4558 677 4668 apud
695 4557 912 4640 historicos
939 4559 1098 4640 mentio
1122 4559 1340 4669 reperitur,
1369 4571 1412 4641 et
1431 4587 1612 4668 quorum
1632 4562 1698 4644 vel
1723 4592 1847 4674 opera

393 4723 501 4805 quae
529 4696 793 4806 scripserunt,
821 4694 889 4780 vel
908 4696 1030 4780 aliter
1058 4697 1229 4806 quaein
1259 4726 1304 4780 re
1323 4696 1507 4781 literaria
1534 4701 1845 4810 praestiterunt,
