4448 5964
252 587 256 595 Ι
377 489 420 555 86
772 487 838 553 DE
879 485 1225 553 SCRIPTORIBUS
1263 484 1432 551 SCOTlS.

382 680 541 753 animum
566 675 762 753 excoluerit
786 676 949 763 eruditio,
980 687 1021 751 ut
1045 674 1135 750 nihil
1163 675 1201 749 in
1227 674 1347 773 aliqua
1374 685 1453 749 arte
1481 673 1590 748 fuerit
1614 685 1690 749 tam
1716 701 1843 752 recon-

383 813 508 897 ditum,
535 810 630 909 quod
657 809 752 884 illius
777 809 900 896 aciem,
928 808 1016 883 nihil
1040 819 1116 883 tam
1143 808 1284 882 difficile
1315 808 1410 905 quod
1435 806 1530 882 illius
1556 807 1841 908 intelligentiam,

383 946 550 1044 fugeret3
584 943 729 1017 demum
757 943 795 1016 in
824 952 961 1017 tantam
989 966 1130 1016 morum
1157 938 1264 1015 evalit
1288 940 1514 1037 probitatem,
1541 951 1650 1039 atque
1680 943 1842 1018 omnium

384 1081 558 1152 bonarum
588 1076 849 1174 disciplinarum
876 1074 1123 1159 eruditionem,
1152 1072 1258 1147 utin
1285 1098 1357 1146 una
1383 1073 1542 1171 quahbet
1567 1073 1640 1150 sola
1668 1074 1841 1174 exquifite

386 1210 542 1285 versatus
567 1209 757 1283 videretur.
811 1207 882 1294 Qui
912 1208 950 1280 in
977 1206 1133 1280 Scotiam
1166 1204 1285 1301 postea
1316 1204 1485 1291 reversus,
1520 1215 1558 1280 et
1589 1232 1630 1282 re
1663 1218 1701 1283 et
1730 1211 1843 1284 verbo

386 1344 506 1419 docuit
543 1353 717 1440 quantum
749 1339 790 1414 lit
823 1340 996 1415 momenti
1028 1340 1074 1413 ad
1107 1333 1364 1433 rempublicam
1395 1337 1488 1410 bene
1520 1339 1775 1416 moderandam
1803 1341 1842 1415 in

385 1477 569 1550 literarum
595 1472 796 1572 cognitione
821 1471 982 1571 politum,
1013 1495 1095 1545 cum
1124 1468 1244 1543 nullus
1271 1493 1429 1567 unquam
1458 1469 1497 1542 in
1525 1470 1647 1547 Scotia
1679 1497 1745 1549 rex
1777 1484 1842 1550 aut

384 1607 510 1705 majori
538 1605 728 1704 prudentia
754 1605 871 1692 dubia,
898 1615 961 1679 aut
987 1601 1173 1678 maturiori
1200 1601 1341 1675 oonfilio
1366 1601 1570 1700 periculosa
1595 1615 1659 1680 aut
1678 1606 1844 1683 enuclea-

384 1740 467 1815 tiori
502 1739 658 1813 dictione
701 1736 857 1823 obscura,
897 1748 961 1811 eut
996 1734 1174 1811 linceriori
1212 1734 1346 1832 pictate
1385 1735 1505 1810 omnia
1546 1736 1583 1810 in
1624 1738 1843 1836 reipublicae

384 1869 684 1946 administratione
726 1867 840 1966 egerit
873 1878 911 1942 et
952 1866 1152 1942 confecerit.
1221 1866 1468 1942 Pulcherrimo
1509 1879 1587 1944 erat
1620 1868 1764 1969 ingenio
1805 1883 1842 1947 et

383 2004 574 2079 admodum
599 2000 784 2086 animosae,
815 2001 972 2076 luctator
1001 1999 1174 2098 egreglus,
1198 2022 1345 2098 gravem
1369 2010 1509 2097 petram
1525 2002 1582 2076 vel
1606 2003 1842 2099 ponderosum

384 2137 553 2212 malleum
578 2135 674 2209 ultra
698 2157 822 2207 omnes
847 2132 1019 2230 projecit;
1046 2130 1166 2207 cursor
1188 2132 1301 2218 velox,
1328 2130 1480 2206 mulicus
1500 2133 1718 2220 artificiosus,
1744 2137 1841 2212 etin

384 2271 481 2346 vocis
504 2267 747 2343 modulatione
772 2265 861 2340 nulli
889 2265 1084 2339 secundus:
1112 2263 1151 2337 in
1181 2263 1328 2351 cithara,
1352 2275 1525 2362 tanquam
1549 2266 1641 2341 alter
1666 2267 1841 2368 Orpheus,

385 2399 623 2477 Hibemensee
659 2409 723 2475 aut
764 2396 933 2472 filvestrea
971 2396 1106 2483 scotos,
1144 2397 1206 2495 qui
1239 2396 1277 2471 in
1317 2397 1380 2472 illa
1413 2409 1490 2473 arte
1528 2400 1711 2499 praecipui
1750 2400 1841 2490 sunt,

385 2536 613 2634 exuperabat.
664 2532 903 2607 Humanioree
926 2541 1033 2618 artes,
1053 2529 1333 2630 grammaticam,
1357 2530 1559 2618 oratoriam,
1580 2535 1841 2634 poeticumque,

383 2679 425 2742 ut
451 2678 529 2742 tum
561 2665 741 2763 temporis,
773 2664 902 2738 eximie
929 2674 1103 2739 noverat:
1136 2675 1156 2704 ‘⁶
1167 2663 1219 2737 ita
1247 2669 1397 2749 orator,’'
1425 2663 1542 2762 inquit
1569 2665 1739 2753 Iellaeua
1763 2680 1784 2710 ‘⁴
1800 2680 1843 2745 ut

385 2799 461 2896 ejus
485 2796 642 2872 dictione
668 2796 756 2869 nihil
786 2795 895 2870 fuerit
919 2793 1163 2882 artificiolius3
1196 2795 1248 2870 ita
1272 2805 1388 2894 poeta,
1415 2807 1456 2871 ut
1482 2798 1639 2873 carmina
1663 2825 1736 2874 non
1766 2813 1844 2877 tam

384 2941 462 3006 arte
491 2926 693 3015 astrinxiffe,
723 2953 831 3027 quam
861 2939 990 3003 natura
1015 2928 1137 3025 sponte
1166 2925 1290 3001 fudille
1320 2928 1509 3003 videretur.
1563 2931 1630 3006 Cui
1656 2932 1709 3006 rei
1734 2935 1843 3010 fidem

382 3065 517 3140 faciunt
542 3062 701 3139 carmina
725 3059 850 3135 diverfi
875 3059 1025 3158 generis,
1053 3084 1144 3157 quae
1173 3060 1212 3133 in
1239 3060 1423 3159 rythmum
1448 3063 1587 3139 Scotioe
1611 3064 1773 3164 illigavit,
1798 3093 1844 3144 eo

382 3195 542 3280 artificio,
577 3204 618 3268 ut
655 3192 884 3289 antiquorum
926 3201 1114 3288 poetarum
1151 3217 1311 3280 acumen,
1352 3195 1575 3294 gravitatem,
1614 3199 1844 3296 prudentiam

383 3327 488 3426 plane
516 3334 665 3423 putetur
691 3319 883 3420 aequalia?
938 3321 1005 3396 His
1031 3322 1195 3399 omnibus
1219 3326 1311 3401 adde
1339 3329 1435 3425 quod
1458 3329 1659 3430 theologiae
1684 3358 1727 3408 ac
1749 3334 1845 3432 juris

384 3459 548 3535 intimam
598 3455 837 3555 cognitionem
882 3452 935 3529 ita
979 3454 1099 3530 animo
1146 3459 1388 3557 memoriaque
1435 3464 1754 3560 comprehenderit,
1800 3479 1844 3543 ut

385 3590 558 3689 plurimos
590 3587 672 3662 suae
709 3586 837 3662 aetatis
870 3585 908 3659 in
941 3587 1009 3659 hoc
1040 3611 1171 3685 genere
1212 3589 1395 3689 superarit,
1437 3595 1527 3668 nulli
1568 3620 1659 3693 pene
1692 3595 1843 3676 cellerit.

386 3721 549 3819 Denique
576 3718 745 3819 quiequid
774 3728 853 3793 erat
879 3718 918 3791 in
946 3743 1018 3816 quo
1046 3717 1179 3817 ingenii
1208 3721 1295 3808 laus,
1324 3734 1388 3798 aut
1417 3726 1505 3834 artis
1530 3727 1688 3804 liberalia
1711 3730 1846 3828 species

386 3854 574 3939 enituerat,
607 3853 644 3926 id
677 3862 723 3926 ut.
756 3861 899 3948 caperet
932 3851 1051 3924 animo
1090 3851 1227 3930 summa
1259 3855 1456 3932 intentione
1491 3861 1681 3935 nitebatur.
1744 3864 1845 3939 Inlu-

385 4013 451 4087 per
490 3986 585 4085 regis
617 3985 665 4060 ad
697 3983 902 4082 exemplum
936 4007 1060 4058 omnee
1091 3984 1128 4057 in
1161 3985 1306 4083 pietatis
1340 3989 1596 4090 doctrinaeque
1636 3994 1752 4070 studia
1789 3997 1846 4072 in-

386 4120 613 4205 cumbebant,
646 4126 688 4191 ut
721 4140 906 4213 nunquam
939 4115 1059 4212 plures
1088 4115 1216 4192 intima
1243 4118 1453 4219 theologiae,
1481 4125 1583 4221 juris,
1617 4151 1660 4200 ac
1692 4128 1847 4225 philoso-

386 4252 491 4349 phiae
521 4249 626 4325 laude
659 4244 811 4322 floruille
842 4247 1009 4345 legantur
1040 4247 1135 4345 apud
1168 4272 1242 4334 nos,
1276 4275 1384 4347 quam
1413 4252 1481 4327 hoc
1509 4265 1681 4353 tempore.
1749 4258 1844 4334 Nam

388 4408 470 4458 cum
503 4381 675 4458 tredecim
715 4379 926 4479 theologiae,
966 4380 1190 4455 decretorum
1223 4383 1317 4469 octo,
1351 4383 1591 4484 philosophiae
1620 4388 1845 4489 aliarumque

388 4511 614 4589 scientiarum
638 4511 784 4611 plurimi
812 4506 1029 4608 prolefforee,
1057 4511 1265 4588 doctoratus
1293 4538 1416 4591 omnes
1443 4517 1634 4618 inlignibue
1658 4522 1844 4611 honestati,

389 4645 465 4744 ejus
499 4669 610 4744 opera
641 4644 680 4720 in
714 4643 873 4721 Scotiam
907 4653 1151 4731 evocarentur,
1179 4670 1221 4720 ac
1255 4648 1436 4725 beneficiis
1467 4665 1690 4741 ornarentm,
1723 4656 1846 4733 adole·
