4470 5962
929 510 993 575 DE
1032 513 1375 585 SCRIPTORIBUS
1413 521 1580 588 SCOTlS.

936 862 1003 936 DE
1027 863 1245 941 GEORGIO
1270 868 1582 948 BUCHANANO.

533 1087 729 1165 Groneros
777 1091 1051 1179 Bncnsnxxus,
1100 1097 1214 1171 Poeta
1252 1107 1289 1172 et
1328 1100 1531 1188 Historias,
1573 1103 1612 1176 in
1648 1103 1795 1181 lavinia
1842 1108 1986 1190 Scotiae

531 1224 713 1320 provincia
755 1236 860 1300 natus
902 1228 960 1327 est,
998 1228 1045 1302 ad
1084 1228 1238 1302 Blanum
1276 1254 1427 1319 amnem,
1466 1233 1504 1306 iu
1544 1234 1630 1310 villa
1669 1237 1808 1325 rustica,
1850 1241 1987 1321 familia

530 1357 643 1454 magis
672 1360 806 1434 vetusta
839 1385 945 1456 quam
974 1360 1152 1458 opulenta,
1186 1386 1209 1435 a
1241 1363 1394 1459 pueritia
1423 1363 1462 1436 in
1492 1364 1605 1439 literis
1633 1366 1770 1441 utiliter
1802 1370 1983 1449 educatus.

531 1488 720 1587 Postquam
749 1492 943 1566 avimculus
972 1492 1047 1590 ejus
1072 1492 1111 1565 in
1137 1491 1262 1568 scholis
1288 1493 1412 1590 patriis
1438 1493 1534 1591 spem
1560 1496 1605 1568 de
1630 1495 1773 1595 ingenio
1802 1500 1877 1598 ejus
1901 1526 1985 1579 con-

530 1617 680 1716 cepisset,
714 1622 894 1698 Lutetiam
918 1624 1137 1710 amandavit,
1167 1624 1229 1698 ubi
1258 1624 1399 1699 circiter
1427 1625 1610 1700 biennium
1639 1628 1825 1704 literarum
1853 1632 1984 1720 studiis,

530 1752 683 1827 maxime
718 1754 933 1831 carminibus
971 1755 1170 1840 scribendis,
1215 1780 1360 1852 operam
1398 1756 1504 1830 dedit.
1572 1759 1697 1834 Postea
1738 1763 1863 1837 morbo
1906 1788 1986 1839 cor-

529 1892 660 1980 reptus,
692 1885 739 1958 ad
772 1885 851 1960 suos
881 1887 930 1961 est
956 1886 1126 1972 reversus,
1156 1897 1193 1962 et
1223 1911 1305 1963 cum
1334 1885 1475 1960 auxiliis
1505 1886 1691 1963 Gallorum
1719 1889 1758 1962 in
1790 1892 1901 1967 castra
1934 1894 1985 1969 est

528 2014 717 2110 profectus,
756 2029 906 2116 urgente
941 2020 1002 2092 sua
1039 2017 1249 2094 necessitate.
1307 2017 1412 2092 Anno
1452 2028 1573 2093 autem
1608 2019 1770 2117 proxime
1802 2021 1982 2119 sequente,

527 2146 642 2242 primo
679 2173 819 2246 quoque
853 2174 945 2236 vere
975 2150 1092 2226 sactus
1118 2151 1167 2225 est
1192 2150 1334 2226 auditor
1360 2149 1510 2224 Joannis
1538 2149 1684 2247 Majoris
1716 2151 1754 2224 iu
1786 2153 1983 2231 Academia

528 2277 839 2375 Andreapolitana
903 2281 1009 2355 Hunc
1040 2280 1078 2354 in
1108 2280 1261 2356 Galliam
1294 2279 1423 2352 aestate
1455 2278 1618 2375 proxima
1650 2278 1798 2367 secutus,
1834 2285 1981 2358 tandem

528 2407 566 2480 in
608 2410 806 2508 Collegium
850 2413 1097 2487 Barbaranum
1140 2413 1282 2496 accitus,
1325 2433 1435 2507 prope
1477 2407 1671 2483 triennium
1710 2413 1981 2508 grammaticam

527 2540 672 2615 docuit:
710 2543 836 2617 deinde
868 2570 891 2618 a
924 2544 1086 2619 Gilbcrto
1127 2540 1312 2619 Caffililsae
1346 2541 1485 2627 comite,
1520 2541 1703 2639 postquam
1743 2533 1979 2642 quinquennii

527 2671 638 2768 spatio
663 2675 697 2747 ei
723 2675 937 2762 adhaeserat,
967 2677 1004 2750 in
1034 2676 1190 2750 Scotiam
1218 2675 1267 2749 est
1295 2674 1473 2756 reductus,
1501 2672 1563 2748 ubi
1591 2698 1614 2746 a
1640 2697 1725 2771 rege
1755 2684 1909 2772 rogatus,
1940 2676 1978 2751 in

526 2804 775 2880 Franciscanos
802 2806 922 2882 filvam
949 2807 1109 2906 protulit.
1167 2805 1261 2880 Hinc
1289 2802 1443 2902 patriam
1471 2803 1715 2902 derelinquere
1746 2805 1794 2879 est
1822 2808 1978 2892 coactus,

524 2945 632 3032 atque
661 2962 726 3034 per
754 2938 921 3035 Angliam
948 2939 985 3011 iu
1015 2937 1169 3013 Galliam
1197 2937 1313 3010 denuo
1339 2932 1580 3032 proficiscitur,
1610 2934 1730 3031 ibique
1756 2935 1979 3035 Burdegalae

524 3064 707 3140 biennium
736 3067 864 3142 docuit.
919 3068 1067 3165 Saepius
1095 3067 1204 3142 etiam
1233 3065 1360 3140 exinde
1394 3064 1512 3138 sedem
1538 3065 1781 3152 commutavit,
1812 3091 1907 3142 nunc
1939 3067 1978 3145 in

524 3195 688 3282 Scotiam,
711 3223 804 3272 nunc
831 3198 868 3272 in
895 3199 1071 3297 Angliam
1095 3197 1258 3281 Galliam,
1283 3206 1320 3269 et
1343 3195 1485 3269 Italiam
1508 3194 1544 3269 se
1569 3196 1750 3293 recipiens.
1803 3197 1977 3296 Denique,

523 3326 920 3422 postxx1V.annorum
941 3327 1273 3426 peregrinationem,
1288 3350 1409 3424 regem
1430 3326 1600 3411 nativum,
1616 3327 1793 3401 Jacobum
1815 3327 1975 3414 Sextum,

523 3455 730 3555 discipulum
753 3458 854 3533 suum
878 3458 1024 3545 babuit;
1052 3457 1113 3554 qui
1136 3456 1197 3531 ubi
1224 3457 1434 3543 adoleverat,
1460 3482 1542 3530 eum
1567 3483 1590 3531 a
1611 3455 1760 3533 conliliis
1784 3468 1821 3533 et
1845 3459 1977 3557 privati

522 3587 621 3687 sigilli
660 3590 837 3665 custodem
869 3591 962 3665 fecit.
1027 3590 1092 3662 Vir
1116 3599 1211 3689 'erat
1254 3587 1396 3686 ingenio
1428 3587 1574 3684 pollens,
1614 3587 1793 3685 animique
1834 3589 1977 3667 dotibus

520 3721 755 3818 pulcherrime
792 3723 932 3821 ignitus,
973 3722 1016 3795 de
1060 3720 1174 3794 literis
1219 3720 1352 3817 optime
1385 3717 1542 3802 meritus,
1578 3727 1615 3791 et
1648 3717 1706 3792 cui
1738 3721 1977 3816 comparando

524 3854 570 3924 ob
610 3851 800 3950 singulares
832 3851 966 3950 ingenii
1007 3851 1108 3924 dotes
1140 3859 1239 3925 aetas
1271 3848 1387 3925 nostra
1421 3847 1481 3918 vix
1516 3870 1639 3943 parem
1673 3846 1771 3934 vidit,
1805 3873 1877 3923 non
1909 3873 1977 3947 per

522 3982 677 4056 Scotiam
703 3982 823 4067 solum,
849 3983 908 4055 sed
933 3990 970 4054 et
995 4005 1059 4077 per
1085 3978 1261 4078 Angliam,
1284 3978 1446 4062 Galliam,
1475 3977 1714 4065 Germaniam,
1740 3990 1787 4064 et,
1812 3988 1854 4051 ut
1879 4003 1976 4054 com·

521 4115 649 4211 pendio
679 4114 802 4199 dicam,
832 4139 897 4210 per
925 4110 1035 4209 ipsam
1063 4111 1256 4186 studiorum
1284 4118 1436 4183 matrem
1466 4107 1621 4182 Italiam.
1684 4109 1739 4183 De
1773 4109 1877 4206 cujus·
1905 4110 1974 4186 viri

519 4244 683 4320 laudibus
709 4269 781 4318 non
811 4244 860 4318 est
886 4268 950 4316 cur
975 4241 1097 4316 multis
1126 4241 1185 4316 hic
1213 4263 1326 4337 agam,
1357 4261 1445 4334 quas
1471 4235 1539 4312 scio
1569 4238 1725 4315 notiores
1755 4236 1833 4325 else,
1864 4264 1974 4337 quam

520 4387 560 4450 ut
596 4376 725 4475 frigida
762 4373 1024 4472 praedicatione
1068 4396 1148 4445 mea
1187 4369 1345 4467 indigere
1384 4365 1579 4441 videantur.
1646 4368 1826 4444 Liberiora
1860 4369 1974 4444 veluti

519 4507 639 4592 studio,
683 4516 725 4580 ut
764 4506 808 4578 de
849 4505 1002 4578 Joviano
1042 4503 1205 4576 Pontauo
1246 4498 1365 4573 scribit
1399 4498 1532 4573 Paulus
1570 4500 1705 4585 Jovius,
1748 4500 1865 4577 Musas
1906 4526 1973 4600 per

519 4663 652 4713 omnes·
669 4661 834 4714 numeros
863 4633 1030 4717 exercuit,
1059 4642 1161 4705 tauta
1187 4628 1313 4704 habilis
1342 4629 1475 4726 ingenii
1502 4629 1751 4718 foecunditate,
1781 4641 1822 4706 ut
1853 4656 1970 4731 neque

517 4770 640 4870 poetis,
664 4791 779 4866 neque
808 4764 1016 4850 oratoribus,
1042 4762 1207 4859 quitum
1234 4760 1388 4835 maxime
1415 4762 1593 4849 florerent,
1623 4763 1769 4862 dignum
1796 4762 1970 4841 secundae
2065 4849 2070 4859 ‚
