4448 5964
802 514 866 579 DE
892 515 1235 582 SCRIPTORIBUS
1259 517 1425 584 SGOTIS.

792 866 859 940 DE
883 863 1073 941 DAVIDE
1098 866 1427 944 PRESBYTERO.

385 1101 517 1176 Dnvm
544 1101 783 1184 Pnnsesrnn,
808 1124 831 1173 a
853 1097 1032 1172 nonnullis
1057 1098 1173 1172 David
1199 1100 1326 1174 Scotus
1351 1103 1477 1189 dietus,
1504 1105 1699 1180 eratenim
1723 1106 1838 1204 primo

382 1233 622 1332 ludimagister
650 1231 861 1329 Virceburgi
887 1230 981 1328 apud
1007 1231 1133 1304 Sootos
1157 1233 1349 1308 monachos
1379 1234 1416 1308 iu
1445 1238 1616 1312 coenobio
1647 1238 1682 1311 S.
1712 1237 1838 1313 Jacobi

383 1364 627 1465 Herbipolenlr
668 1365 821 1449 civitate,
863 1363 982 1462 postea
1022 1362 1178 1437 Henrico
1220 1365 1355 1450 Quinto
1394 1368 1601 1466 imperatori
1636 1395 1658 1444 a
1695 1370 1838 1456 sacellis7

383 1502 528 1576 demum
557 1496 738 1596 episcopus
764 1495 1006 1595 Bangorenlis,
1034 1497 1244 1593 cognomine
1271 1525 1313 1573 ac
1341 1500 1485 1575 natione
1512 1502 1648 1587 Scotus,
1673 1513 1715 1575 ut
1744 1503 1840 1578 God-

382 1634 464 1718 win,
509 1629 762 1729 Ursporgenlis,
798 1629 939 1713 Baleus,
976 1627 1162 1714 Gelirerus,
1196 1630 1519 1719 Malmetburienfis‚
1560 1643 1598 1709 et
1635 1633 1697 1707 alii
1730 1633 1838 1708 etiam

383 1788 508 1839 omnes
535 1762 704 1849 fatentur,
734 1761 819 1836 licet
849 1761 1011 1835 nonnulli
1040 1762 1214 1836 Davidem
1244 1764 1391 1838 Scotum
1419 1791 1443 1839 a
1471 1766 1607 1840 Davide
1636 1765 1839 1865 prelbytero

382 1895 560 1973 diversum
587 1906 624 1970 et
655 1894 767 1970 alium
796 1891 864 1968 effe
896 1893 1104 1969 existiment.
1174 1895 1308 1968 Hicin
1336 1896 1454 1994 patria
1479 1897 1597 1973 schola
1624 1898 1739 1972 literis
1766 1924 1840 1973 me-

385 2029 555 2106 diocriter
593 2028 738 2113 tinctus,
778 2025 1008 2124 antiquorum
1041 2026 1330 2125 philosophorum
1362 2029 1406 2102 de
1445 2054 1555 2116 more,
1594 2040 1632 2105 et
1664 2031 1838 2105 bonarum

383 2166 570 2241 literarum
608 2187 739 2247 amore,
782 2160 993 2258 longinquas
1034 2161 1197 2259 regiones
1238 2171 1275 2234 et
1316 2161 1436 2259 plures
1478 2163 1690 2238 Germaniae
1732 2149 1839 2262 atque

385 2296 524 2372 Galliae
550 2295 749 2370 academias
776 2293 987 2368 celebriores
1014 2293 1111 2367 adiit.
1161 2293 1205 2365 In
1232 2294 1461 2368 Germaniam
1491 2295 1601 2394 igitur
1625 2296 1839 2395 superiorem

384 2430 461 2528 post
487 2429 604 2502 varios
629 2427 666 2500 in
693 2452 732 2500 re
759 2425 917 2500 literaria
944 2425 1087 2499 sudores
1114 2425 1265 2511 devenit,
1293 2426 1355 2499 ubi
1379 2426 1619 2526 ludimagister
1645 2429 1690 2502 ad
1720 2429 1841 2502 Virce-

385 2561 595 2661 burgensem
639 2556 793 2634 scholam
836 2557 1005 2656 inlignem
1046 2556 1239 2654 regendam
1280 2569 1427 2632 vocatus
1468 2559 1525 2633 est.
1597 2558 1725 2633 Paucis
1766 2562 1841 2658 poll

385 2696 488 2770 annis
518 2694 569 2767 ita
598 2693 692 2767 ferna
726 2690 864 2777 claruit,
899 2702 940 2763 ut
973 2692 1019 2764 ab
1051 2690 1266 2788 imperatore
1301 2690 1456 2764 Henrioo
1485 2691 1619 2778 Quinto
1649 2691 1686 2764 in
1722 2692 1840 2765 aulam

385 2825 566 2904 aroeffitus
591 2823 644 2910 fit,
673 2825 776 2920 eique
801 2849 824 2898 a
849 2822 984 2897 sacellis
1008 2833 1045 2896 et
1070 2848 1092 2896 a
1117 2819 1324 2896 oonfeffione
1347 2823 1486 2921 pofitus.
1539 2836 1559 2865 “
1572 2825 1626 2899 Eo
1650 2830 1840 2921 tempore,”

386 2974 428 3035 ut
446 2961 577 3035 Baleus
595 2958 714 3042 refert,
734 2955 935 3030 “Henricus
953 2955 1108 3042 Quintus
1130 2955 1323 3052 imperator
1345 2956 1383 3029 in
1406 2955 1546 3030 Italiam
1566 2959 1674 3030 rebus
1695 2957 1841 3055 agendis

387 3093 618 3194 proficiscens,
653 3091 688 3164 se
721 3115 794 3163 non
827 3087 940 3163 solum
972 3052 1118 3163 armatis
1155 3087 1336 3175 militibus,
1372 3088 1431 3163 sed
1472 3100 1508 3163 et
1541 3090 1665 3188 peritis
1700 3116 1841 3188 quoque

387 3228 472 3301 viris
500 3249 543 3299 ac
569 3223 721 3298 literatis
748 3221 952 3296 hominibus
980 3220 1142 3306 munivit,
1172 3230 1213 3293 ut
1246 3246 1312 3319 per
1340 3222 1431 3321 ipsos
1460 3222 1588 3321 cuique
1618 3221 1775 3322 poscenti
1804 3224 1842 3296 iu

387 3359 483 3433 omni
504 3356 702 3431 eruditione
729 3354 905 3429 rationem
928 3355 1122 3428 redderet.’'
1161 3365 1181 3394 “
1194 3354 1238 3426 In
1265 3355 1441 3428 mandatis
1464 3355 1497 3428 ei
1520 3357 1666 3431 dederat
1691 3357 1841 3456 impera-

386 3497 472 3578 tor,”
512 3490 629 3586 inquit
662 3486 906 3586 Url'pergenfis
940 3489 1049 3561 abbas
1082 3487 1266 3561 Conradus
1295 3513 1318 3560 a
1350 3487 1554 3563 Lichtenaw
1586 3490 1624 3562 in
1657 3489 1841 3563 Chronicis
1990 3493 2004 3519 ⁴

387 3625 466 3710 suis,
494 3621 666 3696 “itineris
686 3619 739 3694 sui
764 3620 915 3707 cursum,
944 3645 1065 3694 rerum
1095 3620 1133 3692 in
1159 3645 1202 3694 eo
1226 3619 1402 3717 gestarum
1427 3620 1598 3705 ordinem,
1621 3621 1716 3694 facili
1744 3620 1840 3719 stylo,

388 3768 429 3833 ut
455 3756 501 3831 ab
526 3754 691 3828 omnibus
717 3753 986 3851 intelligeretur,
1013 3750 1238 3826 describere.''
1289 3753 1339 3827 Et
1363 3753 1574 3826 Guilielmus
1600 3752 1841 3827 Malmetburi-

389 3889 485 3975 culis,
509 3888 699 3962 iulium.
723 3887 767 3959 de
790 3886 958 3984 Regibus
976 3886 1028 3959 ita
1049 3884 1225 3983 loquitur:
1254 3885 1404 3958 “David
1429 3886 1566 3970 Scotus,
1589 3884 1841 3960 Banoomenlis
1895 3979 1898 3985 Ι

390 4022 579 4122 episcopus,
611 4020 681 4094 iter
715 4018 874 4093 Caesaris
906 4019 952 4093 ad
986 4019 1139 4093 Romam
1169 4017 1339 4116 expolirit,
1370 4019 1464 4115 quod
1490 4019 1742 4118 panegyricum
1771 4018 1840 4095 dici

389 4155 530 4255 poterit,
558 4164 600 4227 ut
629 4152 666 4225 in
695 4150 848 4250 gratiam
874 4150 1043 4249 principis
1069 4149 1181 4248 magis
1208 4176 1315 4247 quam
1341 4148 1543 4223 historicum
1570 4151 1712 4226 deceret
1737 4151 1841 4227 acoli-

388 4290 466 4363 vius
494 4287 702 4361 videretur?
753 4283 938 4358 Conradus
967 4283 1101 4356 etiam:
1133 4283 1390 4380 “Simplicibus
1421 4293 1458 4355 et
1484 4283 1637 4358 indoffls
1666 4285 1841 4361 consuluit

388 4421 572 4496 historicus
598 4418 660 4492 ille
690 4418 728 4489 iu
755 4414 989 4514 expeditionis
1005 4439 1122 4513 opere
1147 4440 1212 4513 per
1238 4414 1406 4489 sermonis
1430 4415 1669 4502 rusticitatem,
1695 4444 1740 4492 ne
1768 4419 1841 4493 cui-

390 4579 498 4652 quarn
525 4549 610 4626 effet
641 4551 716 4647 ejus
742 4549 851 4623 leodio
879 4548 1025 4646 gravis.''
1075 4549 1141 4621 Vir
1171 4558 1247 4622 erat
1277 4547 1435 4621 omniurn
1464 4548 1638 4623 virtutum
1668 4561 1705 4623 et
1733 4553 1841 4626 bona·

392 4713 474 4762 rum
512 4685 698 4760 literarum
730 4681 850 4756 studfis
891 4679 1045 4778 impense
1081 4681 1231 4767 deditus,
1275 4681 1382 4767 mitis,
1416 4682 1575 4769 affabilis,
1602 4708 1749 4783 corpore
1784 4713 1842 4760 ve-

390 4821 500 4905 nusto,
529 4818 636 4893 vultu
656 4817 794 4901 decoro,
820 4814 980 4889 moribus
1006 4814 1185 4900 candidus,
1213 4814 1288 4889 vita
1311 4815 1460 4914 integer,
1486 4817 1651 4893 omnibus
1675 4843 1778 4894 carus
1804 4831 1841 4894 et
