4470 5962
675 523 739 590 DE
777 524 1121 592 SCRIPTORIBUS
1159 526 1329 593 sconis.
1682 534 1726 601 99

266 713 438 798 Secticne,
464 712 510 785 ab
541 709 696 785 Hectore
727 709 889 796 Boethio
915 710 993 785 viro
1022 709 1316 799 disertissimam
1344 711 1582 811 septendecim
1613 716 1723 791 libros

269 843 407 945 copiose
438 841 616 942 digestam,
649 841 708 916 cui
738 851 884 918 centum
911 865 1087 918 annorum
1120 843 1323 918 nuendum
1352 842 1499 930 addidit,
1534 845 1724 921 alacobo

269 975 434 1053 8000010
450 977 549 1050 1436
566 972 675 1072 usque
691 973 738 1049 ud
753 997 887 1049 annum
905 977 1012 1061 1336,
1028 972 1068 1047 10
1083 997 1156 1073 quo
1171 972 1244 1073 ipse
1260 974 1392 1050 floruit
1442 973 1588 1075 Scripsit
1603 976 1713 1075 igitur

417 1104 729 1204 Cosmographinm
746 1103 864 1180 distae
882 1105 1065 1193 Historiae,
1082 1105 1142 1183 lib.
1160 1128 1185 1181 1.

419 1237 592 1314 Albaniae
608 1235 898 1335 Descriptionem,
914 1236 975 1312 lib.
992 1259 1018 1311 1.

418 1369 477 1444 Ad
490 1369 667 1444 Jaoohum
685 1367 859 1454 Quintum
869 1368 1006 1466 Regem
1021 1367 1128 1466 Epist

420 1501 536 1599 Super
550 1500 672 1574 Litera
687 1498 921 1598 Pythagorae,
938 1499 999 1575 lib.
1018 1519 1043 1572 1.

417 1631 473 1706 De
488 1629 632 1705 Virtute
649 1638 687 1704 et
704 1628 906 1728 Voluptate,
923 1629 984 1705 lib.
1001 1650 1027 1704 ι

416 1762 534 1861 Super
549 1760 704 1861 quodum
720 1758 877 1847 Somnio,
890 1760 951 1836 lib.
967 1782 991 1836 t

418 1891 553 1968 Diversi
568 1891 709 1991 generis
725 1889 901 1977 Carmina
918 1890 979 1966 lib.
996 1911 1022 1965 1.

268 2027 318 2102 Et
341 2025 413 2101 alia
435 2023 590 2124 plurima
613 2018 756 2097 edidiffe
779 2022 997 2121 perhibetur,
1023 2022 1202 2109 nimirum,
1227 2020 1332 2121 super
1356 2022 1392 2098 S
1423 2021 1608 2122 Scriptura
1635 2024 1721 2100 lae
1822 2082 1825 2089 .

267 2158 391 2244 110000,
433 2165 500 2232 010
563 2154 700 2230 Romae
740 2153 887 2228 tandem
928 2150 1048 2229 obiisse
1089 2153 1205 2230 fertur
1244 2152 1386 2230 circiter
1417 2178 1553 2231 annum
1583 2154 1719 2256 gratioe

271 2291 379 2374 1636,
395 2295 568 2387 regnante
584 2284 680 2383 apud
696 2282 822 2360 Scotos
836 2284 974 2360 laccho
990 2284 1134 2373 Quinto.

726 2575 793 2651 DE
817 2576 1006 2651 DAVIDE
1030 2576 1265 2654 LINDFSIO.

269 2816 401 2890 Durio
429 2811 644 2893 1101008168,
675 2807 755 2882 Rex
783 2807 987 2894 Armorum,
1011 2807 1070 2882 vel
1096 2807 1170 2882 Leo
1196 2806 1402 2894 Fecialium,
1432 2833 1563 2909 genere
1592 2821 1630 2885 01
1658 2835 1720 2886 na·

268 2947 366 3022 11000
397 2943 534 3028 300100,
558 2965 605 3017 ex
632 2937 745 3014 nobili
772 2937 1014 3013 hindehorum
1040 2938 1177 3015 familia
1200 2938 1240 3014 in
1268 2938 1349 3016 Fisn
1376 2939 1557 3030 miuudus,
1582 2967 1607 3018 a
1633 2965 1719 3041 pue-

267 3067 1061 3170 rilioetateacpeneabincunahulisipsis
1083 3069 1242 3145 animum
1267 3070 1720 3173 ergaiiterasmirepro-

267 3207 415 3310 0001001
440 3204 576 3281 habuit
627 3200 731 3277 Hanc
760 3201 800 3276 in
827 3226 939 3301 puero
965 3202 1131 3288 indolem,
1158 3226 1226 3278 eeu
1253 3202 1395 3279 tunnas
1423 3203 1613 3302 probitatis
1644 3206 1718 3280 etii-

266 3339 372 3442 giem,
398 3346 564 3438 parentes
589 3334 665 3433 ejus
689 3332 743 3408 its
773 3332 965 3410 exosculati
990 3332 1080 3421 sunt,
1109 3333 1280 3409 utillum
1304 3333 1455 3410 emditis
1473 3338 1719 3436 praeceptori

266 3473 335 3547 bus
362 3466 585 3545 0110000100
611 3472 651 3538 01
682 3463 881 3538 docendum
906 3464 1181 3550 committerent,
1215 3474 1254 3540 et
1281 3464 1320 3540 in
1352 3465 1473 3540 studiis
1502 3467 1646 3565 pietatis
1676 3493 1719 3546 ac

267 3605 441 3678 honarum
481 3598 667 3673 literarum
707 3592 841 3668 solicite
882 3593 1012 3670 nutriri
1044 3594 1202 3670 fecerint
1276 3594 1348 3683 Qui
1379 3607 1570 3696 postquam
1605 3599 1718 3677 hterh

267 3730 536 3809 humanioribus
564 3727 604 3802 in
630 3723 757 3801 scheba
783 3725 983 3801 trivialibus
1014 3748 1160 3823 operam
1187 3722 1343 3813 dedisset,
1372 3728 1419 3802 ad
1446 3729 1583 3827 majora
1607 3729 1719 3807 studia

267 3873 453 3962 promotus
476 3855 799 3957 Andreapolitunne
823 3855 1036 3932 Academiae
1059 3855 1224 3930 alumnus
1252 3855 1371 3933 1011100
1396 3858 1455 3944 est,
1485 3859 1547 3936 ubi
1576 3872 1614 3936 et
1641 3862 1719 3961 phi.

267 3994 461 4094 losophicas
495 3991 694 4092 disciplima
728 3987 917 4064 inchoavit.
980 3987 1153 4087 Denique,
1182 3989 1258 4087 post
1282 3989 1396 4065 studia
1429 3994 1602 4068 honarum
1633 3996 1719 4069 arti·

266 4148 330 4202 um
362 4134 402 4201 et
434 4122 706 4223 disciplinarum,
747 4121 948 4198 heraldioee
987 4118 1058 4194 arti
1094 4118 1130 4194 se
1165 4129 1283 4195 totum
1322 4119 1481 4207 tradidit,
1515 4122 1717 4223 famamque

265 4281 338 4335 non
377 4254 561 4331 minimam
602 4256 649 4332 ab
690 4256 815 4332 eadem
856 4251 1002 4351 aceepit.
1065 4249 1242 4326 Heruldos
1280 4253 1327 4327 ab
1367 4252 1536 4329 heroihm
1574 4253 1717 4331 deducit

266 4391 406 4465 hem
438 4386 588 4488 Sylvius,
621 4387 683 4487 qui
716 4384 876 4463 veterani
909 4382 1041 4457 milites
1072 4392 1175 4458 erant
1216 4383 1398 4462 laboribus
1436 4385 1598 4476 absoluti,
1630 4412 1718 4488 que-

257 4542 347 4596 ·rum
387 4520 543 4597 officium
587 4531 666 4596 erat
712 4517 927 4619 reipublicae
973 4513 1163 4602 considere,
1204 4513 1322 4591 sontes
1365 4539 1526 4618 argsrere,
1572 4519 1718 4596 numm

264 4652 406 4750 probos,
434 4650 613 4751 corripere
638 4650 761 4736 malos,
791 4647 907 4722 viduis
935 4671 977 4722 ac
1005 4646 1149 4746 pupillis
1168 4646 1321 4736 ‘faveres
1339 4659 1382 4725 et
1407 4674 1434 4726 a
1460 4649 1591 4728 Libero
1615 4663 1719 4752 patre

267 4784 328 4861 100
350 4783 502 4871 Buooho,
528 4783 603 4858 lilio
630 4782 740 4870 levis,
764 4778 939 4880 originem
966 4775 1124 4854 huhuiffe
1153 4777 1329 4856 61000101.
1379 4780 1572 4862 Eutaia
1597 4799 1718 4864 met
