4470 5962
399 504 443 569 64
795 497 861 563 DE
899 495 1243 566 SCRIPTORIBUS
1281 495 1450 562 SCOTIS.

397 699 537 766 teneret
565 687 730 772 Achaim,
755 709 820 760 rex
845 685 926 783 pius
950 695 988 759 et
1012 683 1203 784 religiosus
1254 683 1361 757 Hunc
1385 681 1584 767 Claudium,
1599 680 1695 757 Galli
1720 680 1852 780 aliique

398 822 584 921 scriptores
600 818 793 918 plurimum
810 815 1068 891 commendant.
1527 842 1531 849 ·

834 1113 900 1186 DE
923 1111 1116 1186 JOANNE
1140 1110 1417 1185 MAILROSIO.

398 1353 574 1427 Jonunss
603 1347 851 1430 Mnmosms,
877 1345 1072 1419 monachus
1097 1342 1231 1417 ordinis
1258 1341 1293 1415 S.
1321 1339 1519 1427 Benedicti,
1544 1342 1665 1417 Bedae
1689 1342 1853 1417 monachi

399 1494 436 1558 et
469 1480 627 1557 doctoris
659 1476 834 1555 clariffimi
873 1476 1052 1573 quondam
1085 1474 1226 1550 auditor
1260 1485 1367 1572 atque
1404 1474 1604 1574 discipulus,
1637 1475 1781 1550 natione
1816 1486 1853 1550 et

399 1613 608 1714 cognomine
635 1611 771 1696 Scotus,
801 1618 843 1682 ut
872 1608 1096 1693 Trithemins,
1130 1606 1255 1704 Major,
1284 1605 1455 1692 Iessaeus,
1485 1607 1628 1693 Baleus,
1661 1619 1700 1682 et
1732 1633 1855 1683 omnes

399 1747 474 1821 fere
499 1742 731 1820 consentiunt.
782 1740 831 1814 Et
854 1740 982 1825 Urion,
1009 1738 1070 1813 lib.
1093 1760 1131 1812 v,
1154 1763 1230 1836 cap.
1258 1759 1346 1812 xcv.
1370 1739 1415 1813 D.
1438 1739 1597 1821 loannes
1618 1741 1755 1827 Scotus,
1781 1742 1855 1817 dia·

400 1900 510 1952 conus
529 1885 567 1949 et
586 1875 723 1959 dottor,
744 1881 782 1946 et
803 1870 1016 1945 Academiae
1041 1868 1238 1944 Parilienfis
1260 1870 1437 1946 fundator.
1480 1873 1573 1947 Item
1595 1869 1799 1949 Poffevinus
1819 1899 1853 1972 p.

400 2011 484 2082 215.
507 2007 673 2090 Joannes,
700 2002 827 2101 inquit,
852 1999 1048 2076 Mailrofius
1079 2013 1313 2100 cognomento
1335 2028 1378 2078 ac
1399 2003 1543 2080 natione
1568 2004 1705 2078 Scotusa
1755 2006 1855 2079 Idem

234 2221 244 2239 ,
401 2141 506 2238 plane
535 2137 645 2212 refert
662 2114 861 2211 'Gesnerus
912 2133 1058 2231 Collega
1087 2131 1219 2234 Albini,
1249 2144 1291 2208 ut
1319 2135 1429 2209 habet
1458 2135 1682 2222 Trithemius,
1713 2137 1856 2212 veniens

308 2332 313 2337 .
400 2294 483 2344 cum
506 2293 550 2344 eo
571 2268 616 2342 de
639 2265 826 2340 Britannia
850 2264 887 2338 in
910 2265 1074 2350 Galliam,
1100 2265 1196 2361 apud
1219 2265 1387 2340 Carnium
1412 2266 1663 2365 imperatorem
1685 2268 1856 2368 Magnum

402 2403 439 2476 in
465 2401 582 2502 pretio
608 2400 685 2476 fuit
737 2399 808 2487 Qui
837 2423 920 2473 cum
946 2396 1032 2472 effet
1060 2395 1243 2492 utriusque
1271 2397 1424 2496 linguae,
1447 2398 1605 2475 Graecae
1628 2399 1856 2498 Latinaeque,

401 2531 636 2632 peritiffimus,
665 2532 820 2630 primum
849 2531 1017 2628 adjnndto
1043 2527 1107 2603 fibi
1138 2528 1288 2604 Claudio
1317 2529 1510 2616 Clemente,
1538 2542 1771 2609 conterraneo
1794 2532 1857 2608 suo

402 2675 439 2740 et
464 2663 543 2764 pari
569 2663 734 2738 dottrina
760 2662 847 2748 viro,
874 2661 993 2760 postea
1021 2660 1174 2734 Alcuino
1203 2669 1240 2734 et
1268 2661 1426 2747 Rabano,
1453 2662 1491 2735 in
1519 2663 1662 2749 Gallias,
1688 2663 1859 2763 utsupra

402 2798 550 2883 dictrnn,
579 2793 831 2879 transfretavit,
860 2793 923 2867 ubi
947 2791 1163 2867 auditorium
1191 2793 1396 2890 percelebre
1423 2818 1468 2867 ex
1496 2795 1616 2869 Caroli
1640 2797 1735 2895 regis
1758 2822 1859 2873 man-

403 2927 487 3000 dato
522 2923 742 2999 ordinarunt.
803 2924 859 2998 De
898 2922 966 2997 hoc
999 2922 1139 2997 Joanne
1173 2923 1282 2999 refert
1316 2925 1494 3000 Antonius
1527 2926 1730 3003 Pollevinns
1763 2933 1860 3029 quod

403 3057 575 3132 Romanis
596 3056 825 3156 displicuerit,
853 3055 1021 3153 qnoniam
1049 3055 1196 3130 Graecis
1226 3056 1422 3131 adhaerens
1446 3058 1483 3131 in
1510 3059 1675 3156 opinione
1704 3062 1748 3136 de
1777 3062 1861 3137 Pas-

404 3189 517 3263 chatis
543 3187 789 3274 celebratione,
823 3187 1032 3287 pontificum
1056 3187 1224 3284 dogmata
1248 3186 1468 3284 improbarit
1530 3189 1595 3263 Vir
1620 3203 1698 3266 erat
1727 3194 1764 3267 in
1793 3194 1861 3269 hu-

404 3320 563 3395 maniore
580 3319 767 3394 literatura
783 3315 998 3403 cultiffimus,
1016 3317 1087 3415 qui,
1104 3316 1265 3392 oratione
1290 3327 1368 3392 tum
1393 3319 1524 3407 stricta,
1541 3332 1620 3397 turn
1641 3322 1763 3412 soluta
1789 3328 1860 3401 ele-

404 3448 601 3549 gantiflime
626 3450 740 3525 multa
768 3448 925 3548 scripit:
956 3448 1196 3522 urbanitatem
1223 3447 1332 3523 etiam
1356 3475 1497 3526 morum
1524 3466 1689 3530 accurate
1716 3454 1749 3530 se
1772 3458 1860 3534 scire

406 3592 443 3656 et
463 3582 551 3656 alios
576 3583 704 3657 docere
725 3579 819 3680 polle
840 3582 1083 3680 profitebatur,
1106 3589 1211 3655 acuto
1233 3590 1271 3654 et
1298 3580 1418 3657 subtili
1444 3583 1595 3682 ingenio,
1619 3598 1727 3686 atque
1749 3591 1795 3666 ad
1817 3616 1861 3666 ea

406 3739 497 3812 quae
521 3713 729 3789 intendebat
753 3712 1033 3812 persuadendum
1059 3712 1351 3800 accommodato;
1380 3714 1629 3814 philosophicis
1658 3720 1778 3797 studiis
1806 3722 1861 3797 us·

407 3871 477 3943 que
503 3845 550 3919 ad
573 3844 725 3919 multam
747 3853 902 3919 aetatem
927 3853 1026 3917 totns
1052 3842 1244 3929 immersus,
1268 3868 1384 3942 neque
1414 3845 1552 3921 interea
1576 3847 1691 3926 sacras
1715 3853 1861 3930 omnino

407 3977 565 4077 neglexit
587 3978 717 4063 literas,
743 3976 815 4050 imo
845 3975 1009 4058 omnibus
1037 3973 1124 4060 aliis,
1156 3983 1198 4048 ut
1227 3999 1294 4072 par
1322 3987 1409 4062 erat,
1436 3979 1645 4078 anteposuit.
1675 3984 1860 4085 -Dcnique

407 4108 475 4184 five
505 4108 688 4184 doetrinae
717 4105 975 4207 praestantiam,
1003 4105 1072 4181 five
1101 4105 1275 4181 unctum
1306 4109 1546 4198 eminentiam,
1576 4138 1717 4191 morum
1745 4120 1861 4217 gravi.

406 4252 529 4327 tatem,
555 4240 650 4316 vitae
676 4238 928 4338 integritatem,
953 4237 1163 4337 lingularem
1176 4237 1227 4316 ,in
1253 4240 1360 4313 rebus
1384 4243 1548 4338 gerendis
1571 4248 1798 4342 prudentiam
1823 4261 1861 4327 et

407 4373 446 4445 in
474 4370 626 4470 negotiis
654 4369 882 4468 expediendis
914 4368 1165 4444 dexteritatem
1191 4368 1364 4468 respicias,
1399 4385 1476 4450 erat
1505 4401 1587 4451 curn
1616 4381 1860 4478 praestantiffi-

408 4506 476 4579 mis
504 4504 646 4578 illorum
674 4512 876 4602 temporum
902 4501 1105 4576 hominibus
1130 4501 1259 4576 merito
1286 4507 1553 4602 comparandus
1617 4509 1792 4610 Denique,
1819 4524 1860 4588 ut

408 4634 537 4709 futuris
552 4633 676 4710 seculis
691 4631 876 4731 prodeffet,
893 4631 1022 4730 scripto
1038 4633 1218 4722 commitit,
1236 4644 1277 4710 nt
1295 4636 1467 4713 Bostonus
1483 4648 1521 4714 et
1538 4639 1600 4715 alii
1615 4641 1785 4729 refcnmt,
