<?xml version="1.0" encoding="UTF-8"?>
<!DOCTYPE html PUBLIC "-//W3C//DTD XHTML 1.0 Transitional//EN"
    "http://www.w3.org/TR/xhtml1/DTD/xhtml1-transitional.dtd">
<html xmlns="http://www.w3.org/1999/xhtml" xml:lang="en" lang="en">
 <head>
  <title>
</title>
<meta http-equiv="Content-Type" content="text/html;charset=utf-8" />
  <meta name='ocr-system' content='tesseract 3.04.00' />
  <meta name='ocr-capabilities' content='ocr_page ocr_carea ocr_par ocr_line ocrx_word'/>
</head>
<body>
  <div class='ocr_page' id='page_1' title='image "./davidisbuchanan00irvigoog_0100.png"; bbox 0 0 4448 5964; ppageno 0'>
   <div class='ocr_carea' id='block_1_1' title="bbox 781 517 1851 594">
    <p class='ocr_par' dir='ltr' id='par_1_1' title="bbox 781 517 1851 594">
     <span class='ocr_line' id='line_1_1' title="bbox 781 517 1851 594; baseline 0.012 -13"><span class='ocrx_word' id='word_1_1' title='bbox 781 518 846 582; x_wconf 80' lang='lat' dir='ltr'>DE</span> <span class='ocrx_word' id='word_1_2' title='bbox 879 517 1226 586; x_wconf 86' lang='lat' dir='ltr'>SCRIPTORIBUS</span> <span class='ocrx_word' id='word_1_3' title='bbox 1263 524 1432 589; x_wconf 86' lang='lat' dir='ltr'>SCOTIS.</span> <span class='ocrx_word' id='word_1_4' title='bbox 1807 535 1851 594; x_wconf 88' lang='grc'>83</span> 
     </span>
    </p>
   </div>
   <div class='ocr_carea' id='block_1_2' title="bbox 386 704 1852 940">
    <p class='ocr_par' dir='ltr' id='par_1_2' title="bbox 386 704 1852 940">
     <span class='ocr_line' id='line_1_2' title="bbox 387 704 1852 810; baseline 0.005 -27"><span class='ocrx_word' id='word_1_5' title='bbox 387 704 559 805; x_wconf 84' lang='lat' dir='ltr'>exquisiti,</span> <span class='ocrx_word' id='word_1_6' title='bbox 603 714 835 803; x_wconf 84' lang='lat' dir='ltr'>veterumque</span> <span class='ocrx_word' id='word_1_7' title='bbox 871 705 1157 805; x_wconf 86' lang='lat' dir='ltr'>jurisperitorum</span> <span class='ocrx_word' id='word_1_8' title='bbox 1199 719 1236 784; x_wconf 91' lang='lat' dir='ltr'>et</span> <span class='ocrx_word' id='word_1_9' title='bbox 1276 711 1525 810; x_wconf 82' lang='lat' dir='ltr'>theologorum</span> <span class='ocrx_word' id='word_1_10' title='bbox 1572 714 1726 790; x_wconf 77' lang='lat' dir='ltr'>lettione</span> <span class='ocrx_word' id='word_1_11' title='bbox 1769 742 1852 790; x_wconf 89' lang='lat' dir='ltr'>con-</span> 
     </span>
     <span class='ocr_line' id='line_1_3' title="bbox 386 838 1850 940; baseline 0.005 -26"><span class='ocrx_word' id='word_1_12' title='bbox 386 840 529 925; x_wconf 88' lang='lat' dir='ltr'>firmati,</span> <span class='ocrx_word' id='word_1_13' title='bbox 556 839 652 937; x_wconf 92' lang='lat' dir='ltr'>quod</span> <span class='ocrx_word' id='word_1_14' title='bbox 679 838 819 913; x_wconf 87' lang='lat' dir='ltr'>abunde</span> <span class='ocrx_word' id='word_1_15' title='bbox 849 839 1035 913; x_wconf 89' lang='lat' dir='ltr'>ostendunt</span> <span class='ocrx_word' id='word_1_16' title='bbox 1065 840 1330 915; x_wconf 72' lang='lat' dir='ltr'>lucubrationes</span> <span class='ocrx_word' id='word_1_17' title='bbox 1363 843 1439 940; x_wconf 91' lang='lat' dir='ltr'>ejus</span> <span class='ocrx_word' id='word_1_18' title='bbox 1467 843 1505 917; x_wconf 92' lang='lat' dir='ltr'>in</span> <span class='ocrx_word' id='word_1_19' title='bbox 1539 846 1636 918; x_wconf 92' lang='lat' dir='ltr'>omni</span> <span class='ocrx_word' id='word_1_20' title='bbox 1665 847 1850 922; x_wconf 73' lang='lat' dir='ltr'>doetrinae</span> 
     </span>
    </p>
   </div>
   <div class='ocr_carea' id='block_1_3' title="bbox 381 970 1849 4776">
    <p class='ocr_par' dir='ltr' id='par_1_3' title="bbox 382 970 1849 2793">
     <span class='ocr_line' id='line_1_4' title="bbox 385 970 1849 1073; baseline 0.003 -25"><span class='ocrx_word' id='word_1_21' title='bbox 385 998 516 1073; x_wconf 86' lang='lat' dir='ltr'>genere</span> <span class='ocrx_word' id='word_1_22' title='bbox 550 972 588 1045; x_wconf 92' lang='lat' dir='ltr'>in</span> <span class='ocrx_word' id='word_1_23' title='bbox 621 970 805 1069; x_wconf 93' lang='lat' dir='ltr'>publicum</span> <span class='ocrx_word' id='word_1_24' title='bbox 835 970 962 1045; x_wconf 87' lang='lat' dir='ltr'>editae.</span> <span class='ocrx_word' id='word_1_25' title='bbox 1031 973 1100 1046; x_wconf 90' lang='lat' dir='ltr'>Hic</span> <span class='ocrx_word' id='word_1_26' title='bbox 1129 975 1285 1060; x_wconf 87' lang='lat' dir='ltr'>tandem,</span> <span class='ocrx_word' id='word_1_27' title='bbox 1316 987 1357 1050; x_wconf 91' lang='lat' dir='ltr'>ut</span> <span class='ocrx_word' id='word_1_28' title='bbox 1388 976 1519 1051; x_wconf 91' lang='lat' dir='ltr'>Baleus</span> <span class='ocrx_word' id='word_1_29' title='bbox 1551 978 1671 1064; x_wconf 80' lang='lat' dir='ltr'>refert,</span> <span class='ocrx_word' id='word_1_30' title='bbox 1706 980 1849 1053; x_wconf 87' lang='lat' dir='ltr'>nomine</span> 
     </span>
     <span class='ocr_line' id='line_1_5' title="bbox 385 1102 1848 1204; baseline 0.003 -24"><span class='ocrx_word' id='word_1_31' title='bbox 385 1103 596 1180; x_wconf 89' lang='lat' dir='ltr'>emditionis</span> <span class='ocrx_word' id='word_1_32' title='bbox 623 1112 660 1176; x_wconf 86' lang='lat' dir='ltr'>et</span> <span class='ocrx_word' id='word_1_33' title='bbox 689 1102 839 1176; x_wconf 87' lang='lat' dir='ltr'>aliarum</span> <span class='ocrx_word' id='word_1_34' title='bbox 870 1103 1054 1189; x_wconf 88' lang='lat' dir='ltr'>virtutum,</span> <span class='ocrx_word' id='word_1_35' title='bbox 1084 1104 1141 1178; x_wconf 94' lang='lat' dir='ltr'>vel</span> <span class='ocrx_word' id='word_1_36' title='bbox 1168 1106 1264 1204; x_wconf 89' lang='lat' dir='ltr'>apud</span> <span class='ocrx_word' id='word_1_37' title='bbox 1291 1107 1403 1204; x_wconf 92' lang='lat' dir='ltr'>ipsum</span> <span class='ocrx_word' id='word_1_38' title='bbox 1435 1109 1652 1184; x_wconf 86' lang='lat' dir='ltr'>Edwardum</span> <span class='ocrx_word' id='word_1_39' title='bbox 1679 1111 1848 1195; x_wconf 90' lang='lat' dir='ltr'>Tertium,</span> 
     </span>
     <span class='ocr_line' id='line_1_6' title="bbox 387 1234 1849 1338; baseline 0.003 -26"><span class='ocrx_word' id='word_1_40' title='bbox 387 1239 553 1336; x_wconf 90' lang='lat' dir='ltr'>quitum</span> <span class='ocrx_word' id='word_1_41' title='bbox 581 1235 708 1333; x_wconf 86' lang='lat' dir='ltr'>Anglis</span> <span class='ocrx_word' id='word_1_42' title='bbox 730 1234 990 1318; x_wconf 87' lang='lat' dir='ltr'>dominabatur,</span> <span class='ocrx_word' id='word_1_43' title='bbox 1018 1236 1056 1309; x_wconf 94' lang='lat' dir='ltr'>in</span> <span class='ocrx_word' id='word_1_44' title='bbox 1082 1261 1212 1335; x_wconf 92' lang='lat' dir='ltr'>magno</span> <span class='ocrx_word' id='word_1_45' title='bbox 1235 1239 1351 1335; x_wconf 91' lang='lat' dir='ltr'>pretio</span> <span class='ocrx_word' id='word_1_46' title='bbox 1380 1240 1472 1327; x_wconf 83' lang='lat' dir='ltr'>fuit3</span> <span class='ocrx_word' id='word_1_47' title='bbox 1497 1267 1520 1316; x_wconf 89' lang='lat' dir='ltr'>a</span> <span class='ocrx_word' id='word_1_48' title='bbox 1546 1266 1618 1338; x_wconf 89' lang='lat' dir='ltr'>quo</span> <span class='ocrx_word' id='word_1_49' title='bbox 1644 1242 1752 1316; x_wconf 91' lang='lat' dir='ltr'>etiam</span> <span class='ocrx_word' id='word_1_50' title='bbox 1777 1267 1849 1317; x_wconf 90' lang='lat' dir='ltr'>non</span> 
     </span>
     <span class='ocr_line' id='line_1_7' title="bbox 385 1369 1849 1473; baseline 0.003 -29"><span class='ocrx_word' id='word_1_51' title='bbox 385 1372 492 1469; x_wconf 84' lang='lat' dir='ltr'>longo</span> <span class='ocrx_word' id='word_1_52' title='bbox 525 1369 601 1468; x_wconf 87' lang='lat' dir='ltr'>post</span> <span class='ocrx_word' id='word_1_53' title='bbox 633 1380 795 1468; x_wconf 88' lang='lat' dir='ltr'>ternpore</span> <span class='ocrx_word' id='word_1_54' title='bbox 830 1371 1090 1445; x_wconf 88' lang='lat' dir='ltr'>Lichseldienfis</span> <span class='ocrx_word' id='word_1_55' title='bbox 1124 1370 1391 1446; x_wconf 85' lang='lat' dir='ltr'>archidiaconus</span> <span class='ocrx_word' id='word_1_56' title='bbox 1424 1374 1590 1471; x_wconf 83' lang='lat' dir='ltr'>primum,</span> <span class='ocrx_word' id='word_1_57' title='bbox 1627 1375 1745 1473; x_wconf 87' lang='lat' dir='ltr'>postea</span> <span class='ocrx_word' id='word_1_58' title='bbox 1778 1377 1849 1448; x_wconf 86' lang='lat' dir='ltr'>Ox-</span> 
     </span>
     <span class='ocr_line' id='line_1_8' title="bbox 385 1499 1847 1605; baseline 0.002 -27"><span class='ocrx_word' id='word_1_59' title='bbox 385 1501 534 1578; x_wconf 88' lang='lat' dir='ltr'>onienhs</span> <span class='ocrx_word' id='word_1_60' title='bbox 574 1499 743 1600; x_wconf 83' lang='lat' dir='ltr'>gymnasii</span> <span class='ocrx_word' id='word_1_61' title='bbox 785 1502 942 1576; x_wconf 90' lang='lat' dir='ltr'>summus</span> <span class='ocrx_word' id='word_1_62' title='bbox 984 1503 1223 1587; x_wconf 73' lang='lat' dir='ltr'>cancellarius,</span> <span class='ocrx_word' id='word_1_63' title='bbox 1263 1528 1304 1577; x_wconf 91' lang='lat' dir='ltr'>ac</span> <span class='ocrx_word' id='word_1_64' title='bbox 1339 1503 1520 1579; x_wconf 88' lang='lat' dir='ltr'>novilhme</span> <span class='ocrx_word' id='word_1_65' title='bbox 1563 1505 1847 1605; x_wconf 83' lang='lat' dir='ltr'>archiepiscopus</span> 
     </span>
     <span class='ocr_line' id='line_1_9' title="bbox 386 1632 1847 1738; baseline 0.004 -30"><span class='ocrx_word' id='word_1_66' title='bbox 386 1632 635 1709; x_wconf 77' lang='lat' dir='ltr'>Armachanus</span> <span class='ocrx_word' id='word_1_67' title='bbox 672 1633 711 1706; x_wconf 94' lang='lat' dir='ltr'>in</span> <span class='ocrx_word' id='word_1_68' title='bbox 751 1634 925 1708; x_wconf 86' lang='lat' dir='ltr'>Hibernia</span> <span class='ocrx_word' id='word_1_69' title='bbox 967 1632 1226 1732; x_wconf 76' lang='lat' dir='ltr'>designabatur.</span> <span class='ocrx_word' id='word_1_70' title='bbox 1294 1638 1384 1711; x_wconf 82' lang='lat' dir='ltr'>Toto</span> <span class='ocrx_word' id='word_1_71' title='bbox 1427 1639 1536 1713; x_wconf 91' lang='lat' dir='ltr'>etiam</span> <span class='ocrx_word' id='word_1_72' title='bbox 1576 1640 1644 1714; x_wconf 89' lang='lat' dir='ltr'>hoc</span> <span class='ocrx_word' id='word_1_73' title='bbox 1686 1649 1847 1738; x_wconf 88' lang='lat' dir='ltr'>tempore</span> 
     </span>
     <span class='ocr_line' id='line_1_10' title="bbox 384 1765 1845 1866; baseline 0.003 -24"><span class='ocrx_word' id='word_1_74' title='bbox 384 1765 527 1866; x_wconf 88' lang='lat' dir='ltr'>peffime</span> <span class='ocrx_word' id='word_1_75' title='bbox 578 1766 612 1841; x_wconf 90' lang='lat' dir='ltr'>ei</span> <span class='ocrx_word' id='word_1_76' title='bbox 659 1792 741 1841; x_wconf 90' lang='lat' dir='ltr'>cum</span> <span class='ocrx_word' id='word_1_77' title='bbox 784 1765 1059 1843; x_wconf 83' lang='lat' dir='ltr'>fraterculorum</span> <span class='ocrx_word' id='word_1_78' title='bbox 1100 1767 1378 1843; x_wconf 88' lang='lat' dir='ltr'>mendicantium</span> <span class='ocrx_word' id='word_1_79' title='bbox 1421 1769 1604 1844; x_wconf 90' lang='lat' dir='ltr'>ordinibus</span> <span class='ocrx_word' id='word_1_80' title='bbox 1649 1772 1845 1858; x_wconf 88' lang='lat' dir='ltr'>convenit;</span> 
     </span>
     <span class='ocr_line' id='line_1_11' title="bbox 384 1898 1847 1998; baseline 0.001 -23"><span class='ocrx_word' id='word_1_81' title='bbox 384 1900 502 1975; x_wconf 86' lang='lat' dir='ltr'>acrius</span> <span class='ocrx_word' id='word_1_82' title='bbox 531 1898 702 1998; x_wconf 90' lang='lat' dir='ltr'>liquidem</span> <span class='ocrx_word' id='word_1_83' title='bbox 729 1899 768 1975; x_wconf 91' lang='lat' dir='ltr'>in</span> <span class='ocrx_word' id='word_1_84' title='bbox 793 1899 945 1997; x_wconf 91' lang='lat' dir='ltr'>publicis</span> <span class='ocrx_word' id='word_1_85' title='bbox 972 1898 1186 1973; x_wconf 74' lang='lat' dir='ltr'>lettionibus</span> <span class='ocrx_word' id='word_1_86' title='bbox 1215 1908 1252 1972; x_wconf 91' lang='lat' dir='ltr'>et</span> <span class='ocrx_word' id='word_1_87' title='bbox 1281 1899 1509 1975; x_wconf 86' lang='lat' dir='ltr'>concionibus</span> <span class='ocrx_word' id='word_1_88' title='bbox 1537 1900 1616 1987; x_wconf 88' lang='lat' dir='ltr'>suis,</span> <span class='ocrx_word' id='word_1_89' title='bbox 1645 1902 1718 1977; x_wconf 90' lang='lat' dir='ltr'>imo</span> <span class='ocrx_word' id='word_1_90' title='bbox 1745 1913 1783 1977; x_wconf 92' lang='lat' dir='ltr'>et</span> <span class='ocrx_word' id='word_1_91' title='bbox 1809 1903 1847 1977; x_wconf 89' lang='lat' dir='ltr'>in</span> 
     </span>
     <span class='ocr_line' id='line_1_12' title="bbox 385 2030 1847 2129; baseline 0.003 -23"><span class='ocrx_word' id='word_1_92' title='bbox 385 2031 564 2107; x_wconf 88' lang='lat' dir='ltr'>nonnullis</span> <span class='ocrx_word' id='word_1_93' title='bbox 598 2032 699 2106; x_wconf 91' lang='lat' dir='ltr'>libris</span> <span class='ocrx_word' id='word_1_94' title='bbox 733 2030 848 2117; x_wconf 89' lang='lat' dir='ltr'>editis,</span> <span class='ocrx_word' id='word_1_95' title='bbox 883 2057 1007 2107; x_wconf 89' lang='lat' dir='ltr'>eorum</span> <span class='ocrx_word' id='word_1_96' title='bbox 1041 2031 1192 2129; x_wconf 84' lang='lat' dir='ltr'>ineptias</span> <span class='ocrx_word' id='word_1_97' title='bbox 1225 2033 1404 2129; x_wconf 86' lang='lat' dir='ltr'>carpebat,</span> <span class='ocrx_word' id='word_1_98' title='bbox 1439 2043 1476 2106; x_wconf 90' lang='lat' dir='ltr'>et</span> <span class='ocrx_word' id='word_1_99' title='bbox 1510 2033 1589 2109; x_wconf 85' lang='lat' dir='ltr'>illas</span> <span class='ocrx_word' id='word_1_100' title='bbox 1622 2033 1737 2109; x_wconf 75' lang='lat' dir='ltr'>sectas</span> <span class='ocrx_word' id='word_1_101' title='bbox 1769 2046 1847 2110; x_wconf 88' lang='lat' dir='ltr'>tan·</span> 
     </span>
     <span class='ocr_line' id='line_1_13' title="bbox 384 2163 1846 2265; baseline 0.001 -24"><span class='ocrx_word' id='word_1_102' title='bbox 384 2192 492 2265; x_wconf 90' lang='lat' dir='ltr'>quam</span> <span class='ocrx_word' id='word_1_103' title='bbox 516 2166 616 2241; x_wconf 86' lang='lat' dir='ltr'>fucos</span> <span class='ocrx_word' id='word_1_104' title='bbox 641 2177 679 2240; x_wconf 92' lang='lat' dir='ltr'>et</span> <span class='ocrx_word' id='word_1_105' title='bbox 703 2165 842 2239; x_wconf 90' lang='lat' dir='ltr'>telluris</span> <span class='ocrx_word' id='word_1_106' title='bbox 871 2165 1011 2239; x_wconf 91' lang='lat' dir='ltr'>inutilia</span> <span class='ocrx_word' id='word_1_107' title='bbox 1039 2165 1197 2262; x_wconf 89' lang='lat' dir='ltr'>pondera</span> <span class='ocrx_word' id='word_1_108' title='bbox 1222 2163 1461 2261; x_wconf 83' lang='lat' dir='ltr'>explodendas</span> <span class='ocrx_word' id='word_1_109' title='bbox 1490 2166 1737 2242; x_wconf 87' lang='lat' dir='ltr'>contendebat.</span> <span class='ocrx_word' id='word_1_110' title='bbox 1789 2168 1846 2242; x_wconf 90' lang='lat' dir='ltr'>Illi</span> 
     </span>
     <span class='ocr_line' id='line_1_14' title="bbox 383 2296 1847 2394; baseline 0 -21"><span class='ocrx_word' id='word_1_111' title='bbox 383 2323 468 2373; x_wconf 81' lang='lat' dir='ltr'>vero</span> <span class='ocrx_word' id='word_1_112' title='bbox 495 2299 592 2373; x_wconf 90' lang='lat' dir='ltr'>hunc</span> <span class='ocrx_word' id='word_1_113' title='bbox 624 2297 810 2372; x_wconf 87' lang='lat' dir='ltr'>haereseos</span> <span class='ocrx_word' id='word_1_114' title='bbox 846 2298 941 2394; x_wconf 89' lang='lat' dir='ltr'>apud</span> <span class='ocrx_word' id='word_1_115' title='bbox 977 2298 1180 2372; x_wconf 89' lang='lat' dir='ltr'>Romanum</span> <span class='ocrx_word' id='word_1_116' title='bbox 1212 2296 1417 2394; x_wconf 89' lang='lat' dir='ltr'>pontificem</span> <span class='ocrx_word' id='word_1_117' title='bbox 1451 2298 1670 2374; x_wconf 86' lang='lat' dir='ltr'>accusarunt.</span> <span class='ocrx_word' id='word_1_118' title='bbox 1742 2300 1847 2375; x_wconf 90' lang='lat' dir='ltr'>Com-</span> 
     </span>
     <span class='ocr_line' id='line_1_15' title="bbox 382 2429 1845 2531; baseline 0.001 -26"><span class='ocrx_word' id='word_1_119' title='bbox 382 2431 590 2531; x_wconf 80' lang='lat' dir='ltr'>parantibus</span> <span class='ocrx_word' id='word_1_120' title='bbox 622 2455 709 2530; x_wconf 91' lang='lat' dir='ltr'>ergo</span> <span class='ocrx_word' id='word_1_121' title='bbox 742 2441 819 2505; x_wconf 90' lang='lat' dir='ltr'>tam</span> <span class='ocrx_word' id='word_1_122' title='bbox 853 2429 1114 2528; x_wconf 87' lang='lat' dir='ltr'>archiepiscopo</span> <span class='ocrx_word' id='word_1_123' title='bbox 1148 2454 1256 2526; x_wconf 89' lang='lat' dir='ltr'>quam</span> <span class='ocrx_word' id='word_1_124' title='bbox 1289 2429 1459 2504; x_wconf 87' lang='lat' dir='ltr'>fratribus</span> <span class='ocrx_word' id='word_1_125' title='bbox 1502 2431 1686 2506; x_wconf 85' lang='lat' dir='ltr'>Avenione</span> <span class='ocrx_word' id='word_1_126' title='bbox 1725 2457 1845 2507; x_wconf 88' lang='lat' dir='ltr'>coram</span> 
     </span>
     <span class='ocr_line' id='line_1_16' title="bbox 384 2560 1845 2662; baseline 0.001 -24"><span class='ocrx_word' id='word_1_127' title='bbox 384 2589 476 2662; x_wconf 87' lang='lat' dir='ltr'>papa</span> <span class='ocrx_word' id='word_1_128' title='bbox 504 2562 712 2637; x_wconf 90' lang='lat' dir='ltr'>Innocentio</span> <span class='ocrx_word' id='word_1_129' title='bbox 743 2561 853 2636; x_wconf 86' lang='lat' dir='ltr'>Sexto</span> <span class='ocrx_word' id='word_1_130' title='bbox 878 2572 915 2635; x_wconf 89' lang='lat' dir='ltr'>et</span> <span class='ocrx_word' id='word_1_131' title='bbox 939 2560 1185 2646; x_wconf 89' lang='lat' dir='ltr'>cardinalibus,</span> <span class='ocrx_word' id='word_1_132' title='bbox 1214 2561 1356 2659; x_wconf 90' lang='lat' dir='ltr'>publice</span> <span class='ocrx_word' id='word_1_133' title='bbox 1386 2562 1545 2659; x_wconf 92' lang='lat' dir='ltr'>protulit,</span> <span class='ocrx_word' id='word_1_134' title='bbox 1575 2562 1673 2662; x_wconf 89' lang='lat' dir='ltr'>legit,</span> <span class='ocrx_word' id='word_1_135' title='bbox 1699 2575 1736 2638; x_wconf 89' lang='lat' dir='ltr'>et</span> <span class='ocrx_word' id='word_1_136' title='bbox 1764 2589 1845 2662; x_wconf 88' lang='lat' dir='ltr'>pro·</span> 
     </span>
     <span class='ocr_line' id='line_1_17' title="bbox 383 2692 1385 2793; baseline -0.007 -21"><span class='ocrx_word' id='word_1_137' title='bbox 383 2696 566 2772; x_wconf 87' lang='lat' dir='ltr'>nunciavit</span> <span class='ocrx_word' id='word_1_138' title='bbox 592 2696 786 2770; x_wconf 79' lang='lat' dir='ltr'>carimdem</span> <span class='ocrx_word' id='word_1_139' title='bbox 813 2692 1097 2793; x_wconf 89' lang='lat' dir='ltr'>Propofitionum</span> <span class='ocrx_word' id='word_1_140' title='bbox 1121 2693 1263 2768; x_wconf 90' lang='lat' dir='ltr'>suarum</span> <span class='ocrx_word' id='word_1_141' title='bbox 1280 2693 1340 2767; x_wconf 92' lang='lat' dir='ltr'>lib.</span> <span class='ocrx_word' id='word_1_142' title='bbox 1360 2714 1385 2765; x_wconf 92' lang='lat'>1.</span> 
     </span>
    </p>

    <p class='ocr_par' dir='ltr' id='par_1_4' title="bbox 532 2827 1126 2927">
     <span class='ocr_line' id='line_1_18' title="bbox 532 2827 1126 2927; baseline -0.01 -23"><span class='ocrx_word' id='word_1_143' title='bbox 532 2830 722 2904; x_wconf 87' lang='lat' dir='ltr'>Sermones</span> <span class='ocrx_word' id='word_1_144' title='bbox 738 2829 848 2904; x_wconf 90' lang='lat' dir='ltr'>etiam</span> <span class='ocrx_word' id='word_1_145' title='bbox 864 2827 1006 2927; x_wconf 88' lang='lat' dir='ltr'>scripfit,</span> <span class='ocrx_word' id='word_1_146' title='bbox 1024 2828 1083 2902; x_wconf 89' lang='lat' dir='ltr'>lib.</span> <span class='ocrx_word' id='word_1_147' title='bbox 1102 2847 1126 2899; x_wconf 92' lang='lat'>1.</span> 
     </span>
    </p>

    <p class='ocr_par' dir='ltr' id='par_1_5' title="bbox 532 2960 1201 3050">
     <span class='ocr_line' id='line_1_19' title="bbox 532 2960 1201 3050; baseline -0.004 -12"><span class='ocrx_word' id='word_1_148' title='bbox 532 2961 760 3050; x_wconf 82' lang='lat' dir='ltr'>Quaestiones</span> <span class='ocrx_word' id='word_1_149' title='bbox 777 2961 1053 3047; x_wconf 87' lang='lat' dir='ltr'>Sententiarum,</span> <span class='ocrx_word' id='word_1_150' title='bbox 1070 2960 1131 3034; x_wconf 93' lang='lat' dir='ltr'>lib.</span> <span class='ocrx_word' id='word_1_151' title='bbox 1149 2980 1201 3035; x_wconf 89' lang='lat' dir='ltr'>1v.</span> 
     </span>
    </p>

    <p class='ocr_par' dir='ltr' id='par_1_6' title="bbox 533 3091 1363 3178">
     <span class='ocr_line' id='line_1_20' title="bbox 533 3091 1363 3178; baseline -0.007 -9"><span class='ocrx_word' id='word_1_152' title='bbox 533 3094 710 3169; x_wconf 86' lang='lat' dir='ltr'>Adversus</span> <span class='ocrx_word' id='word_1_153' title='bbox 727 3095 877 3168; x_wconf 84' lang='lat' dir='ltr'>Errores</span> <span class='ocrx_word' id='word_1_154' title='bbox 894 3094 1156 3178; x_wconf 88' lang='lat' dir='ltr'>Armeniomm,</span> <span class='ocrx_word' id='word_1_155' title='bbox 1174 3091 1234 3165; x_wconf 92' lang='lat' dir='ltr'>lib.</span> <span class='ocrx_word' id='word_1_156' title='bbox 1253 3112 1363 3164; x_wconf 85' lang='lat' dir='ltr'><strong>xxlx.</strong></span> 
     </span>
    </p>

    <p class='ocr_par' dir='ltr' id='par_1_7' title="bbox 533 3224 1277 3312">
     <span class='ocr_line' id='line_1_21' title="bbox 533 3224 1277 3312; baseline -0.011 -10"><span class='ocrx_word' id='word_1_157' title='bbox 533 3229 668 3302; x_wconf 85' lang='lat' dir='ltr'>Contra</span> <span class='ocrx_word' id='word_1_158' title='bbox 685 3228 830 3302; x_wconf 86' lang='lat' dir='ltr'>Fratres</span> <span class='ocrx_word' id='word_1_159' title='bbox 846 3227 1100 3312; x_wconf 87' lang='lat' dir='ltr'>Mendicantes,</span> <span class='ocrx_word' id='word_1_160' title='bbox 1118 3224 1178 3298; x_wconf 91' lang='lat' dir='ltr'>lib.</span> <span class='ocrx_word' id='word_1_161' title='bbox 1196 3244 1277 3296; x_wconf 84' lang='lat' dir='ltr'>xvr.</span> 
     </span>
    </p>

    <p class='ocr_par' dir='ltr' id='par_1_8' title="bbox 531 3357 1213 3456">
     <span class='ocr_line' id='line_1_22' title="bbox 531 3357 1213 3456; baseline -0.007 -23"><span class='ocrx_word' id='word_1_162' title='bbox 531 3359 587 3433; x_wconf 91' lang='lat' dir='ltr'>De</span> <span class='ocrx_word' id='word_1_163' title='bbox 605 3358 822 3456; x_wconf 85' lang='lat' dir='ltr'>Paupertate</span> <span class='ocrx_word' id='word_1_164' title='bbox 840 3357 1048 3443; x_wconf 77' lang='lat' dir='ltr'>Servatoria</span> <span class='ocrx_word' id='word_1_165' title='bbox 1065 3358 1126 3431; x_wconf 88' lang='lat' dir='ltr'>lib.</span> <span class='ocrx_word' id='word_1_166' title='bbox 1143 3378 1213 3429; x_wconf 85' lang='lat' dir='ltr'>v11.</span> 
     </span>
    </p>

    <p class='ocr_par' dir='ltr' id='par_1_9' title="bbox 531 3489 1239 3589">
     <span class='ocr_line' id='line_1_23' title="bbox 531 3489 1239 3589; baseline -0.007 -25"><span class='ocrx_word' id='word_1_167' title='bbox 531 3491 788 3565; x_wconf 83' lang='lat' dir='ltr'>Illustrationes</span> <span class='ocrx_word' id='word_1_168' title='bbox 804 3490 1090 3589; x_wconf 84' lang='lat' dir='ltr'>Evangeliorum,</span> <span class='ocrx_word' id='word_1_169' title='bbox 1107 3489 1167 3563; x_wconf 93' lang='lat' dir='ltr'>lib.</span> <span class='ocrx_word' id='word_1_170' title='bbox 1186 3508 1239 3560; x_wconf 78' lang='lat' dir='ltr'>IV.</span> 
     </span>
    </p>

    <p class='ocr_par' dir='ltr' id='par_1_10' title="bbox 535 3623 852 3722">
     <span class='ocr_line' id='line_1_24' title="bbox 535 3623 852 3722; baseline -0.003 -25"><span class='ocrx_word' id='word_1_171' title='bbox 535 3623 706 3722; x_wconf 89' lang='lat' dir='ltr'>Dialogos</span> <span class='ocrx_word' id='word_1_172' title='bbox 722 3623 852 3721; x_wconf 85' lang='lat' dir='ltr'>plures</span> 
     </span>
    </p>

    <p class='ocr_par' dir='ltr' id='par_1_11' title="bbox 532 3755 1113 3831">
     <span class='ocr_line' id='line_1_25' title="bbox 532 3755 1113 3831; baseline -0.009 -1"><span class='ocrx_word' id='word_1_173' title='bbox 532 3757 587 3831; x_wconf 93' lang='lat' dir='ltr'>De</span> <span class='ocrx_word' id='word_1_174' title='bbox 604 3755 867 3830; x_wconf 90' lang='lat' dir='ltr'>Intentionibus</span> <span class='ocrx_word' id='word_1_175' title='bbox 883 3755 1113 3828; x_wconf 85' lang='lat' dir='ltr'>Judaeorum.</span> 
     </span>
    </p>

    <p class='ocr_par' dir='ltr' id='par_1_12' title="bbox 532 3887 985 3985">
     <span class='ocr_line' id='line_1_26' title="bbox 532 3887 985 3985; baseline -0.009 -23"><span class='ocrx_word' id='word_1_176' title='bbox 532 3888 586 3962; x_wconf 91' lang='lat' dir='ltr'>De</span> <span class='ocrx_word' id='word_1_177' title='bbox 602 3889 692 3962; x_wconf 86' lang='lat' dir='ltr'>Jure</span> <span class='ocrx_word' id='word_1_178' title='bbox 711 3888 906 3985; x_wconf 78' lang='lat' dir='ltr'>spirituali,</span> <span class='ocrx_word' id='word_1_179' title='bbox 925 3887 985 3961; x_wconf 92' lang='lat' dir='ltr'>lib.</span> 
     </span>
    </p>

    <p class='ocr_par' dir='ltr' id='par_1_13' title="bbox 530 4016 1199 4102">
     <span class='ocr_line' id='line_1_27' title="bbox 530 4016 1199 4102; baseline -0.01 -6"><span class='ocrx_word' id='word_1_180' title='bbox 530 4021 719 4096; x_wconf 89' lang='lat' dir='ltr'>Sermones</span> <span class='ocrx_word' id='word_1_181' title='bbox 735 4022 780 4096; x_wconf 86' lang='lat' dir='ltr'>ad</span> <span class='ocrx_word' id='word_1_182' title='bbox 798 4021 950 4095; x_wconf 81' lang='lat' dir='ltr'>Crucem</span> <span class='ocrx_word' id='word_1_183' title='bbox 967 4018 1080 4102; x_wconf 91' lang='lat' dir='ltr'>Pauli,</span> <span class='ocrx_word' id='word_1_184' title='bbox 1098 4016 1157 4091; x_wconf 93' lang='lat' dir='ltr'>lib.</span> <span class='ocrx_word' id='word_1_185' title='bbox 1175 4038 1199 4089; x_wconf 91' lang='lat'>1.</span> 
     </span>
    </p>

    <p class='ocr_par' dir='ltr' id='par_1_14' title="bbox 532 4150 1183 4237">
     <span class='ocr_line' id='line_1_28' title="bbox 532 4150 1183 4237; baseline -0.009 -9"><span class='ocrx_word' id='word_1_186' title='bbox 532 4153 721 4228; x_wconf 87' lang='lat' dir='ltr'>Sermones</span> <span class='ocrx_word' id='word_1_187' title='bbox 738 4179 858 4228; x_wconf 89' lang='lat' dir='ltr'>coram</span> <span class='ocrx_word' id='word_1_188' title='bbox 875 4151 1060 4237; x_wconf 88' lang='lat' dir='ltr'>Pontifice,</span> <span class='ocrx_word' id='word_1_189' title='bbox 1077 4150 1138 4224; x_wconf 92' lang='lat' dir='ltr'>lib.</span> <span class='ocrx_word' id='word_1_190' title='bbox 1158 4172 1183 4223; x_wconf 88' lang='lat'>1.</span> 
     </span>
    </p>

    <p class='ocr_par' dir='ltr' id='par_1_15' title="bbox 381 4281 1839 4776">
     <span class='ocr_line' id='line_1_29' title="bbox 530 4281 1232 4367; baseline -0.007 -10"><span class='ocrx_word' id='word_1_191' title='bbox 530 4286 586 4360; x_wconf 89' lang='lat' dir='ltr'>De</span> <span class='ocrx_word' id='word_1_192' title='bbox 603 4285 709 4362; x_wconf 85' lang='lat' dir='ltr'>Statu</span> <span class='ocrx_word' id='word_1_193' title='bbox 725 4285 913 4360; x_wconf 87' lang='lat' dir='ltr'>universali</span> <span class='ocrx_word' id='word_1_194' title='bbox 930 4281 1113 4367; x_wconf 83' lang='lat' dir='ltr'>Ecclesiae,</span> <span class='ocrx_word' id='word_1_195' title='bbox 1130 4281 1190 4355; x_wconf 87' lang='lat' dir='ltr'>lib.</span> <span class='ocrx_word' id='word_1_196' title='bbox 1208 4302 1232 4352; x_wconf 90' lang='lat'>1.</span> 
     </span>
     <span class='ocr_line' id='line_1_30' title="bbox 381 4411 1839 4516; baseline 0 -26"><span class='ocrx_word' id='word_1_197' title='bbox 381 4418 429 4492; x_wconf 89' lang='lat' dir='ltr'>Et</span> <span class='ocrx_word' id='word_1_198' title='bbox 453 4417 524 4492; x_wconf 83' lang='lat' dir='ltr'>alia</span> <span class='ocrx_word' id='word_1_199' title='bbox 547 4418 662 4492; x_wconf 88' lang='lat' dir='ltr'>multa</span> <span class='ocrx_word' id='word_1_200' title='bbox 685 4417 827 4515; x_wconf 86' lang='lat' dir='ltr'>scripsit,</span> <span class='ocrx_word' id='word_1_201' title='bbox 856 4441 947 4516; x_wconf 91' lang='lat' dir='ltr'>quae</span> <span class='ocrx_word' id='word_1_202' title='bbox 971 4414 1110 4513; x_wconf 91' lang='lat' dir='ltr'>plenius</span> <span class='ocrx_word' id='word_1_203' title='bbox 1135 4411 1286 4486; x_wconf 87' lang='lat' dir='ltr'>anobis</span> <span class='ocrx_word' id='word_1_204' title='bbox 1310 4421 1571 4486; x_wconf 88' lang='lat' dir='ltr'>enumerantur</span> <span class='ocrx_word' id='word_1_205' title='bbox 1591 4411 1687 4486; x_wconf 92' lang='lat' dir='ltr'>alibi.</span> <span class='ocrx_word' id='word_1_206' title='bbox 1742 4415 1839 4490; x_wconf 91' lang='lat' dir='ltr'>Obiit</span> 
     </span>
     <span class='ocr_line' id='line_1_31' title="bbox 381 4542 1839 4643; baseline -0.001 -19"><span class='ocrx_word' id='word_1_207' title='bbox 381 4549 486 4624; x_wconf 86' lang='lat' dir='ltr'>senex</span> <span class='ocrx_word' id='word_1_208' title='bbox 516 4552 708 4626; x_wconf 88' lang='lat' dir='ltr'>admodum</span> <span class='ocrx_word' id='word_1_209' title='bbox 745 4549 928 4624; x_wconf 85' lang='lat' dir='ltr'>Avenione</span> <span class='ocrx_word' id='word_1_210' title='bbox 963 4551 1011 4620; x_wconf 81' lang='lat'>20</span> <span class='ocrx_word' id='word_1_211' title='bbox 1046 4546 1103 4622; x_wconf 93' lang='lat' dir='ltr'>die</span> <span class='ocrx_word' id='word_1_212' title='bbox 1138 4543 1348 4619; x_wconf 85' lang='lat' dir='ltr'>Novembris</span> <span class='ocrx_word' id='word_1_213' title='bbox 1386 4568 1480 4619; x_wconf 89' lang='lat' dir='ltr'>anno</span> <span class='ocrx_word' id='word_1_214' title='bbox 1515 4542 1684 4618; x_wconf 84' lang='lat' dir='ltr'>salutiferi</span> <span class='ocrx_word' id='word_1_215' title='bbox 1716 4558 1839 4643; x_wconf 86' lang='lat' dir='ltr'>partus</span> 
     </span>
     <span class='ocr_line' id='line_1_32' title="bbox 385 4680 1238 4776; baseline -0.006 -22"><span class='ocrx_word' id='word_1_216' title='bbox 385 4685 490 4770; x_wconf 77' lang='lat'>1359,</span> <span class='ocrx_word' id='word_1_217' title='bbox 508 4681 572 4757; x_wconf 95' lang='lat' dir='ltr'>sub</span> <span class='ocrx_word' id='word_1_218' title='bbox 590 4683 727 4758; x_wconf 86' lang='lat' dir='ltr'>Davide</span> <span class='ocrx_word' id='word_1_219' title='bbox 745 4681 920 4768; x_wconf 87' lang='lat' dir='ltr'>Secundo,</span> <span class='ocrx_word' id='word_1_220' title='bbox 939 4680 1128 4756; x_wconf 85' lang='lat' dir='ltr'>Scotorum</span> <span class='ocrx_word' id='word_1_221' title='bbox 1144 4701 1238 4776; x_wconf 86' lang='lat' dir='ltr'>rege.</span> 
     </span>
    </p>
   </div>
   <div class='ocr_carea' id='block_1_4' title="bbox 0 0 2228 5959">
    <p class='ocr_par' dir='ltr' id='par_1_16' title="bbox 0 0 2228 5959">
     <span class='ocr_line' id='line_1_33' title="bbox 0 0 2228 5959; baseline 0 0"><span class='ocrx_word' id='word_1_222' title='bbox 0 0 2228 5959; x_wconf 95' lang='lat' dir='ltr'> </span> 
     </span>
    </p>
   </div>
  </div>
 </body>
</html>
