4470 5962
792 558 857 623 DE
881 556 1224 624 SCRIPTORIBUS
1259 557 1426 623 SOOTIS.
1766 563 1829 625 11⁶

340 747 351 766 “
386 749 500 824 famae
532 745 650 820 loonm
684 744 909 841 relinqueret.
977 745 1064 818 Erat
1097 743 1234 817 austero
1266 742 1460 842 supercilio,
1495 756 1531 817 et
1568 755 1645 818 toto
1679 747 1834 842 eorporis

387 878 522 963 habitu,
550 877 623 951 imo
645 876 804 950 moribus
829 875 887 950 hio
913 875 1037 962 noster,
1063 875 1289 973 subagrestis3
1314 876 1373 950 sed
1399 876 1486 974 stylo
1511 886 1549 952 et
1573 876 1731 950 sermone
1756 902 1835 975 per-

388 1013 554 1095 urbanns,
591 1034 701 1105 quum
737 1006 937 1105 saepiffime,
973 1007 1029 1081 vel
1068 1005 1106 1079 in
1143 1004 1249 1091 seriis,
1284 1007 1398 1082 multo
1431 1031 1513 1082 eum
1546 1007 1615 1082 sale
1643 1008 1834 1105 jocaretur.

389 1143 551 1239 Denique
598 1140 653 1215 vir
694 1164 800 1237 quem
840 1138 963 1213 mirari
1003 1136 1141 1212 facilius
1186 1161 1293 1233 quam
1332 1138 1437 1236 digne
1478 1139 1681 1236 praedicare
1723 1137 1834 1236 poffis.

386 1275 489 1362 Quae
517 1281 637 1348 autem
663 1271 844 1369 praeclara
876 1268 1008 1369 ingenii
1044 1278 1283 1354 monumenta,
1313 1269 1442 1366 quibus
1470 1271 1537 1345 toti
1567 1270 1645 1344 orbi
1670 1271 1835 1355 innotuit,

388 1404 484 1502 apud
512 1427 653 1478 omnem
681 1402 921 1500 posteritatem
950 1401 1071 1475 laudes
1099 1398 1317 1475 immortales
1345 1424 1543 1500 nomenque
1573 1426 1755 1499 nunqnam
1784 1403 1836 1476 in-

389 1535 579 1610 teriturum
625 1533 831 1608 consecutus
873 1534 930 1618 est,
977 1530 1113 1629 seriptis
1152 1529 1333 1617 oommifit,
1378 1530 1436 1607 hio
1484 1532 1605 1629 paucis
1652 1532 1835 1630 attingam,

387 1665 550 1743 sudorem
566 1690 690 1740 eorum
706 1665 966 1741 enarrationem
983 1665 1020 1740 in
1036 1663 1146 1739 alium
1161 1662 1279 1736 locum
1295 1662 1464 1761 rejiciens
1527 1662 1648 1739 Edidit
1664 1662 1774 1760 igitur

535 1797 672 1873 Rerum
689 1795 908 1871 Sootioamm
925 1795 1124 1880 Historiam,
1141 1794 1201 1869 lib.
1219 1815 1329 1870 xxrv.

536 1927 592 2004 De
607 1927 698 2003 Jure
715 1927 832 2025 Regni
846 1929 942 2025 apud
959 1927 1092 2012 stores,
1110 1925 1309 2024 Dialogum

537 2057 758 2134 Psalmorum
774 2057 920 2132 Davidis
936 2055 1168 2157 Paraphrafin
1183 2058 1375 2135 Poetieam.

540 2185 595 2264 De
613 2186 772 2286 Sphaera
786 2187 922 2273 Mundi,
938 2187 998 2262 lib.
1016 2208 1054 2261 v.

541 2315 728 2402 Silvarum,
744 2315 957 2414 Elegiarum,
976 2317 1136 2406 lambam,
1150 2317 1475 2419 Hendeoosyllabon
1492 2320 1552 2397 lib.

539 2442 809 2518 Francisoanum
825 2453 862 2517 et
878 2443 1030 2520 Fratrea

541 2574 732 2671 Jephthen,
750 2572 990 2672 Tragoediam

543 2704 733 2803 Baptisten‚
751 2705 991 2804 Tragoediam.

351 2874 359 2882 ·
394 2839 441 2912 Et
473 2835 544 2911 alia
571 2836 733 2934 plurima
796 2837 896 2912 Obiit
927 2837 1125 2938 Edinburgi
1158 2862 1252 2914 anno
1283 2839 1404 2916 salutis
1436 2839 1611 2918 hnmanae
1645 2847 1750 2928 1582,
1790 2848 1838 2920 28

393 2968 452 3041 die
482 2966 710 3065 Septembris.
761 2967 838 3041 Viri
872 2967 993 3064 itaque
1021 2969 1128 3067 hujus
1155 2969 1486 3048 benemerentiffimi
1521 2973 1683 3050 manibus
1715 2999 1840 3074 paren-

394 3109 492 3175 raom
506 3096 681 3199 Josephns
698 3099 856 3199 Scaliger
870 3100 939 3174 hoo
956 3099 1107 3175 illiserit
1124 3101 1320 3200 elegidion:

747 3329 904 3408 Postquam
916 3328 1001 3389 lando
1014 3338 1065 3390 tua
1076 3331 1207 3409 patriam,
1220 3332 1385 3413 meritisque
1398 3332 1497 3403 beuti,

786 3438 972 3510 Buchanune,
985 3440 1043 3498 tuis
1055 3440 1122 3500 solis
1134 3451 1287 3522 utrumque
1299 3443 1383 3511 latua,

745 3549 924 3628 Contemptis
936 3550 1046 3628 opibus,
1060 3553 1160 3630 spretio
1173 3552 1356 3631 popularibus
1367 3550 1454 3620 aurio,

789 3661 989 3739 Ventooaeque
1001 3661 1091 3740 fugax
1104 3662 1276 3732 ambitionis,
1290 3663 1369 3732 obis3

749 3772 882 3833 Praemia
893 3772 982 3850 quina
992 3781 1092 3850 quater
1104 3773 1223 3833 Pisaeae
1234 3772 1351 3833 suumne
1366 3773 1467 3844 olivae,

786 3884 826 3943 Et
837 3883 970 3960 linquens
982 3884 1072 3942 animi
1084 3884 1203 3963 pignora
1215 3905 1278 3944 rara
1289 3885 1351 3944 tui:

747 3994 784 4052 In
795 3994 899 4072 quibua
911 3993 990 4052 haud
1003 3994 1056 4053 tibi
1069 4015 1099 4054 oe
1111 3992 1270 4053 anteferent
1282 4014 1354 4073 quoa
1365 3995 1441 4056 Itala
1452 4005 1531 4057 ratas

786 4102 873 4160 Terra
885 4102 965 4160 dedit
972 4123 982 4171 3
996 4122 1050 4162 neo
1063 4123 1133 4182 quos
1146 4104 1243 4163 Gallia
1254 4113 1346 4164 mater
1356 4105 1417 4176 alit,

747 4211 923 4289 Aequabtmt
934 4213 1052 4291 genium
1063 4211 1153 4272 felicio
1165 4214 1307 4284 carminis,
1321 4224 1351 4274 et
1363 4236 1437 4293 quae
1506 4280 1509 4285 ,

789 4321 873 4380 oron
885 4322 973 4382 natet
984 4324 1078 4383 amne
1091 4326 1204 4384 consen
1215 4325 1297 4405 agna
1308 4333 1385 4386 tuae.
1472 4310 1476 4315 '

747 4432 779 4490 N
778 4452 881 4512 amque
894 4434 931 4493 ad
944 4455 1109 4513 supremum
1120 4436 1258 4513 perducta
1268 4438 1380 4515 poetica
1390 4437 1514 4509 culmea,

791 4544 828 4603 In
840 4551 871 4603 te
887 4553 952 4614 atat,
966 4565 1019 4605 nee
1033 4566 1089 4624 quo
1101 4546 1297 4624 progrediatur
1308 4547 1403 4607 habet.

752 4653 870 4733 Imperii
881 4654 976 4715 fuerat
988 4657 1112 4716 Romani
1125 4657 1221 4717 scotia
1232 4657 1329 4717 limes:

790 4763 914 4826 Romani
927 4766 1034 4845 eloquii
1045 4766 1143 4826 Scotia
1153 4767 1220 4827 finio
1233 4767 1294 4826 erit
