4448 5964
384 491 426 553 46
776 487 842 551 DE
877 484 1221 553 SCRIPTORIBUS
1252 485 1423 552 scorls.

383 688 479 763 unt3
509 676 671 793 adhibito
699 676 865 773 deinceps
891 673 1044 749 nominis
1070 672 1122 748 sui
1146 670 1263 761 titulo,
1290 684 1332 749 ut
1358 674 1506 751 Davidis
1533 674 1683 763 Fanum,
1709 676 1838 754 incolis

383 811 457 884 Twi
484 810 596 896 Dewi,
619 810 715 908 quod
742 809 836 882 idem
863 807 972 895 sonat,
1000 832 1044 883 ea
1069 808 1156 881 urbs
1181 806 1370 881 diceretur.
1432 805 1626 907 Episcopus
1653 808 1737 884 huic
1762 808 1837 884 sedi

382 939 568 1040 praefuisse
595 942 725 1016 dicitur
753 966 864 1016 annos
892 945 950 1027 65,
978 936 1101 1014 vixisse
1129 941 1212 1013 146.
1262 938 1397 1014 Fuerat
1420 951 1542 1015 autem
1566 940 1684 1017 David
1708 939 1840 1017 saneti-

382 1086 457 1149 tato
482 1073 688 1172 conspicuus
713 1085 749 1147 et
773 1073 954 1171 religione.
1006 1073 1106 1146 luter
1131 1071 1251 1146 omnia
1275 1096 1359 1146 vero
1385 1096 1476 1169 quae
1498 1073 1544 1150 de
1570 1072 1644 1171 ipso
1665 1074 1839 1173 leguntur

382 1206 562 1293 miracula,
593 1206 663 1280 tria
688 1205 786 1292 rnilri,
817 1204 933 1303 inquit
956 1204 1132 1291 Giraldus,
1165 1204 1331 1281 videntur
1355 1205 1589 1281 admiratione
1615 1204 1836 1305 dignissima:

383 1340 427 1413 de
466 1338 612 1437 origine,
650 1336 824 1423 videlicet,
862 1335 967 1435 ipsius
1000 1346 1038 1410 et
1075 1337 1316 1436 conceptione,
1350 1348 1388 1413 et
1420 1338 1569 1438 triginta
1608 1339 1711 1415 aunis
1750 1352 1838 1417 ante

382 1482 502 1545 ortum
528 1468 799 1568 praeeleolione,
829 1479 867 1543 et
896 1471 941 1543 de
967 1478 1065 1543 terra
1098 1495 1190 1567 quae
1218 1471 1314 1568 apud
1343 1471 1452 1572 Bcvy,
1480 1482 1548 1547 eto.
1611 1474 1763 1549 Caetera
1789 1498 1839 1549 ex

382 1603 529 1679 Giraldo
558 1612 692 1700 patent.
743 1599 968 1677 Contexuilse
998 1601 1196 1677 luculenter
1225 1601 1382 1678 dietione
1410 1603 1534 1689 fertur,
1564 1612 1606 1680 ιιι
1637 1604 1714 1703 ejus
1740 1603 1838 1681 vitae

383 1733 699 1809 consarcinationes
714 1733 897 1818 testantur,

532 1866 686 1940 Decreta
702 1864 835 1964 Synodi
853 1862 1091 1950 Vittoriensm,
1107 1863 1168 1939 lib.
1186 1885 1211 1939 1.

530 1998 664 2070 Contra
681 1995 900 2094 Pelagianos,
917 1995 977 2069 lib.
996 2017 1021 2070 1.

531 2127 707 2226 Regulam
724 2126 1010 2213 Coenobitarum
1028 2126 1088 2201 lib.
1106 2148 1132 2201 1.

531 2261 715 2336 Homolias
732 2261 973 2359 Evangelicas,
989 2259 1050 2334 lib.
1067 2280 1093 2334 1.

382 2393 431 2467 Et
457 2391 557 2467 varia
582 2394 661 2468 alia.
712 2393 851 2468 Claruit
880 2417 975 2468 anno
1003 2392 1080 2490 post
1105 2389 1230 2465 mundi
1256 2390 1539 2490 redemptionem
1567 2396 1653 2480 540,
1683 2392 1770 2469 dum
1799 2394 1839 2469 iu

382 2523 570 2600 Britannia
601 2549 722 2600 rerum
754 2524 959 2622 potiebatur
1000 2523 1182 2623 Eugenius
1220 2522 1369 2599 Tertius.
1429 2522 1472 2597 In
1514 2522 1577 2601 sua
1611 2524 1756 2602 ecclelia
1788 2528 1840 2604 cst

382 2656 548 2754 sepultus,
578 2666 615 2731 et
647 2657 722 2755 post
751 2681 863 2732 annos
897 2657 1110 2757 quingentos
1137 2654 1342 2733 sanctorum
1374 2655 1537 2754 catalogo
1569 2655 1741 2756 ascriptus
1773 2683 1840 2757 per

382 2786 563 2863 Calixtum
579 2787 783 2863 Secundum
798 2812 937 2886 papam.

904 3084 971 3157 DE
996 3084 1323 3161 KENTIGERNO.

385 3313 673 3400 Kanrmnnuua
708 3313 851 3388 natione
886 3314 1022 3399 Scotus,
1056 3312 1277 3414 Glasguensn
1309 3315 1513 3415 Episcopus,
1551 3318 1749 3395 Columboe
1781 3348 1840 3396 oo-

385 3456 555 3520 aetaneus
586 3444 666 3530 fuit,
700 3468 746 3520 ex
779 3445 824 3518 D.
858 3445 1031 3522 Tbameta
1062 3445 1158 3546 regis
1189 3447 1295 3522 Lothi
1329 3447 1515 3524 Pibtorum
1547 3448 1622 3525 filia
1653 3461 1692 3526 et
1727 3452 1839 3528 nobili

386 3576 608 3653 adolescente
646 3577 755 3655 Sooto
792 3577 973 3653 oriundus.
1046 3578 1112 3651 Vir
1148 3578 1254 3677 plane
1286 3578 1495 3677 apostolicus
1532 3592 1620 3667 erat,
1657 3581 1838 3672 confessor,

387 3709 576 3809 episcopm,
618 3721 655 3785 et
698 3709 834 3797 doctor,
871 3708 1073 3786 sandtillimi
1104 3709 1172 3784 viri
1206 3709 1354 3785 Servari
1393 3710 1490 3786 Scoti
1524 3711 1714 3811 discipulus
1748 3742 1759 3802 ;
1803 3718 1839 3793 S.

387 3842 581 3920 Columbae
604 3845 641 3917 in
666 3845 831 3919 omnibus
853 3844 1033 3919 laboribus
1054 3842 1125 3919 suis
1147 3866 1265 3917 comes
1286 3842 1510 3929 indiuiduus3
1542 3844 1695 3944 Eugenii
1718 3847 1840 3935 Tertii,

388 3984 428 4046 ut
457 3974 677 4058 credebatur,
706 3972 810 4047 filius.
866 3973 990 4047 Vallos
1014 3973 1060 4047 ad
1088 3973 1196 4047 fidem
1221 3975 1405 4059 convertit,
1432 3986 1470 4049 et
1497 4000 1622 4050 eormn
1652 3978 1841 4074 Apostolus

250 4180 255 4189 ,
387 4105 455 4179 dici
481 4106 621 4192 meruit,
647 4114 688 4179 ut
708 4104 819 4179 refert
840 4104 999 4179 ‚Ioannes
1020 4103 1193 4191 Molanus,
1215 4107 1403 4206 theologus
1424 4106 1657 4184 Lovanienfis.
1701 4111 1840 4186 ASer-

300 4312 306 4319 ,
388 4260 479 4309 vano
500 4236 568 4311 fuit
591 4236 799 4335 baptizatur,
820 4236 908 4311 teste
923 4234 1063 4310 Joanne
1079 4235 1225 4335 Majore.
1275 4238 1432 4314 Profecit
1453 4241 1567 4315 bonae
1592 4240 1720 4316 indolis
1741 4267 1839 4340 puer,

388 4391 473 4462 prae
502 4368 652 4443 caeteris
681 4368 781 4443 sociis
813 4367 986 4454 omnibus,
1019 4366 1058 4441 in
1090 4367 1275 4445 literanun
1304 4370 1494 4469 disciplinis
1522 4381 1630 4469 atque
1660 4373 1840 4449 exercitiis

388 4500 583 4575 virtutum:
609 4511 711 4576 tanto
732 4500 851 4599 postea
872 4499 1017 4599 pietatis
1042 4499 1128 4586 zelo
1152 4511 1288 4577 ettam
1313 4503 1411 4579 claro
1436 4502 1635 4579 innocentis
1658 4506 1764 4592 vitae,
1789 4507 1841 4581 vi-

388 4656 523 4731 vaeque
556 4633 739 4709 dottrinae
770 4631 935 4731 exemplo
963 4631 1095 4719 extitit,
1124 4633 1293 4732 privatim
1320 4634 1429 4710 etiam
1458 4635 1511 4710 ita
1537 4638 1703 4734 provexit
1730 4639 1842 4714 ecule-

389 4766 455 4841 fiae
481 4766 675 4854 commoda,
702 4778 744 4842 ut
770 4791 793 4840 a
820 4764 891 4841 suis
915 4763 978 4864 ipfi
1005 4763 1122 4864 gratia
1142 4764 1272 4842 merito
1298 4767 1480 4842 debeatur.
1532 4769 1564 4841 A
1594 4768 1720 4866 primis
1744 4770 1841 4845 euim
