4448 5964
532 539 558 620 a
929 534 994 602 nn
1028 532 1370 602 scamoniam
1400 533 1569 603 sooma.

536 720 710 821 sumpliffe
742 746 808 823 per
839 723 1022 822 Europam
1055 721 1229 810 scribitur,
1262 722 1446 823 multaque
1485 723 1524 798 iu
1561 722 1690 798 itinere
1725 700 1857 801 notatu*
1885 723 1993 824 digna

528 855 670 931 chartis
699 855 880 932 commifit.
941 856 1138 932 Monachus
1168 855 1229 930 ille
1254 852 1520 930 Nondovicenfis
1546 854 1803 932 Benedictinae
1830 855 1993 933 sodalita-

530 986 593 1074 tis,
623 989 661 1062 in
695 989 849 1088 quodam
882 999 1046 1064 veterum
1088 988 1311 1086 Scriptorum
1344 985 1526 1085 Oatalogo,
1559 986 1665 1084 hujus
1698 984 1862 1086 Hugonis
1894 1012 1993 1063 men-

471 1168 476 1177 .
536 1120 672 1195 tionem
706 1121 800 1209 fecit,
838 1121 1011 1221 inquiens,
1047 1121 1153 1219 Hugo
1191 1121 1235 1194 de
1270 1117 1453 1204 Hibernia,
1488 1142 1534 1194 ex
1567 1116 1818 1194 Minoritarum
1850 1142 1992 1218 genere,

535 1249 668 1349 seripfit

686 1383 915 1459 Itinerarium
940 1383 1129 1483 quoddam,
1155 1383 1217 1458 lib.
1243 1402 1269 1456 1.

496 1573 504 1588 .
537 1516 596 1591 Sic
620 1518 730 1593 habet
754 1518 824 1592 ille.
875 1515 973 1590 Nihil
997 1515 1095 1590 aliud
1130 1518 1176 1591 ab
1208 1515 1277 1589 hoc
1311 1510 1464 1612 Hugone
1497 1511 1667 1612 scriptum
1698 1514 1861 1615 legimus.
1912 1514 1993 1591 cla

536 1645 640 1724 ruiffe
661 1660 782 1725 autem
803 1649 917 1725 fertur
941 1672 1035 1725 anno
1061 1652 1168 1734 1360,
1191 1654 1363 1746 regnante
1395 1645 1534 1720 Davido
1559 1645 1712 1723 seeundo
1739 1648 1815 1746 ejus
1839 1647 1992 1725 nominis

536 1782 631 1878 apud
656 1782 790 1857 Succos,
2023 1780 2025 1785 ’

938 2077 1005 2152 DE
1029 2076 1287 2153 RIOHARDO
1313 2074 1634 2151 ARMACHANO.

536 2313 764 2388 Rlcnannns
802 2310 1083 2395 Antiochorum
1118 2307 1224 2382 aliter
1257 2306 1352 2382 filius
1386 2307 1568 2407 Radulphi
1601 2309 1808 2407 appellatus,
1842 2311 1987 2386 natione

529 2444 672 2530 ¹scotus,
703 2466 749 2516 ex
774 2440 947 2516 Afraniae
975 2438 1088 2514 insula
1115 2462 1226 2538 prope
1251 2438 1462 2515 Hiberniam
1491 2439 1671 2525 oriundus,
1703 2439 1834 2515 Oxonii
1859 2441 1987 2520 libera·

533 2576 627 2650 libus
651 2573 796 2658 artibus,
821 2570 886 2645 sub
910 2571 1068 2647 Doctore
1092 2570 1233 2645 Joanne
1256 2594 1280 2646 a
1304 2572 1565 2672 Baconthorpo,
1591 2572 1798 2672 philosopho
1822 2585 1860 2650 et
1884 2575 1986 2652 theo-

534 2710 617 2807 logo
641 2704 775 2803 inligni,
810 2727 956 2802 operam
986 2701 1104 2790 dedit;
1141 2701 1204 2776 ubi
1227 2704 1374 2780 tandem
1398 2704 1450 2781 ita
1474 2705 1512 2778 in
1537 2706 1658 2782 studiis
1682 2705 1752 2782 suis
1775 2708 1984 2806 profecerat,

533 2852 585 2927 ut,
619 2838 830 2936 suffragante
871 2859 955 2934 rege
989 2833 1146 2910 Henrico
1179 2835 1309 2923 Tertio,
1345 2835 1593 2913 Lichfeldenfis
1634 2836 1797 2914 eccleliae
1833 2840 1986 2915 archidi-

534 2993 666 3047 aconus
697 2966 739 3043 lit
771 2968 898 3053 factus,
933 2965 1061 3040 deinde
1094 2964 1300 3040 Oxonienlis
1332 2967 1546 3044 Academiae
1581 2969 1819 3058 cancellarius,
1853 2982 1891 3045 et
1923 2970 1984 3047 de-

532 3127 633 3176 mum
664 3096 944 3196 archiepiscopus
976 3097 1232 3183 Armachanus,
1262 3110 1299 3173 et
1325 3098 1518 3178 Hiberniae
1550 3102 1706 3201 primas3
1739 3103 1779 3177 in
1804 3103 1984 3204 theologia

534 3245 570 3309 et
604 3234 642 3306 in
674 3240 826 3331 utroque
861 3230 944 3329 jure
976 3229 1029 3305 sui
1062 3230 1140 3305 aevi
1178 3228 1395 3308 dociminus
1427 3233 1579 3312 habitus.
1641 3235 1785 3337 Scripfit
1821 3236 1983 3336 plurima,

535 3368 579 3440 de
605 3363 734 3464 quibus
757 3362 845 3437 haee
870 3386 984 3461 pauca
1007 3386 1099 3460 quae
1123 3361 1337 3461 sequuntur:

684 3496 818 3571 Contra
842 3493 987 3569 Fratres
1011 3493 1264 3581 Mendicantea
1291 3495 1351 3571 lib.
1377 3519 1459 3573 xvr.

681 3630 737 3703 De
763 3625 891 3702 Christi
915 3626 1101 3725 Pauperie,
1126 3627 1173 3701 ad
1197 3627 1455 3722 Innooentium,
1480 3631 1540 3708 lib.
1566 3655 1635 3711 vn.

683 3760 937 3836 Illustrationes
962 3759 1247 3859 Evangeliorum,
1273 3762 1333 3838 lib.
1359 3784 1413 3838 Ν.
1511 3819 1516 3828 .

682 3895 871 3968 Sermones
895 3891 1079 3990 octoginta
1103 3916 1240 3977 novem,
1267 3893 1326 3967 lib.
1349 3916 1390 3968 11.

681 4027 737 4101 De
763 4023 1032 4122 Quaestionibus
1056 4023 1318 4113 Armeniorum,
1342 4026 1403 4100 lib.
1429 4048 1470 4101 11.

682 4158 737 4232 De
762 4155 939 4230 Potessate
965 4154 1159 4253 spirituali,
1185 4155 1245 4230 lib.
1271 4178 1296 4229 1.

682 4291 737 4365 De
763 4284 922 4363 Paffione
947 4287 1144 4373 Dominica
1170 4286 1231 4361 lib.
1257 4309 1282 4361 1.

682 4422 816 4496 Contra
840 4420 942 4496 suum
966 4418 1275 4506 Archidiaconum,
1302 4419 1362 4495 lib.
1388 4443 1413 4494 1.

534 4560 626 4633 Cum
658 4553 780 4629 multis
815 4552 902 4627 aliis.
954 4551 1151 4626 Avinionae
1187 4552 1333 4627 tandem
1371 4552 1586 4629 obdormivit
1617 4556 1657 4631 in
1689 4559 1853 4648 Domino,
1887 4585 1981 4641 anno

535 4694 642 4775 1360,
668 4687 730 4786 qui
755 4710 874 4760 coram
898 4686 1064 4784 pontifice
1092 4694 1216 4759 contra
1240 4685 1385 4761 Fratres
1409 4686 1653 4764 Mendioantes
1682 4690 1745 4767 diu
1768 4692 1980 4794 litigaverat,

533 4830 705 4921 regnante
730 4819 767 4894 in
793 4817 913 4894 Sootia
937 4817 1075 4893 Davido
1101 4815 1273 4894 Secundo.
