4448 5964
789 521 855 586 nu
890 519 1235 587 SCRIPTORIBUS
1269 520 1437 586 scorls.

945 872 1012 946 DE
1037 870 1274 946 SERVANO.

383 1106 599 1189 saevusne,
633 1103 777 1178 natione
811 1103 947 1188 Scotus,
982 1102 1171 1177 Scotorum
1205 1103 1397 1203 episcopm,
1431 1113 1469 1178 et
1511 1103 1690 1178 Oroadum
1732 1104 1844 1203 Apos-

382 1236 485 1321 tolus,
520 1260 566 1309 ex
600 1235 715 1310 Scotis
747 1233 956 1333 parentibus
995 1233 1034 1306 in
1070 1231 1145 1332 ipsa
1177 1233 1298 1310 Scotia
1326 1243 1432 1309 natus
1465 1244 1503 1309 et
1537 1234 1717 1321 edueattu,
1742 1234 1844 1310 disei-

382 1368 487 1466 plinis
519 1368 672 1444 honestis
709 1379 746 1442 et
787 1366 909 1442 studiis
942 1365 1157 1451 liberalibus,
1192 1365 1340 1440 eruditis
1365 1366 1473 1464 juxta
1504 1391 1546 1441 ae
1576 1365 1653 1465 piis,
1682 1367 1843 1443 animum

382 1498 573 1574 virtutibus
600 1497 802 1572 dedicatum
826 1496 1027 1596 applicuit;
1064 1497 1244 1572 ateneris
1269 1498 1371 1573 annis
1395 1498 1448 1573 ita
1480 1498 1519 1572 in
1546 1499 1721 1573 bonarum
1745 1498 1844 1574 liter·

381 1655 483 1705 arum
510 1629 630 1705 studiis
655 1629 834 1704 enutritus
860 1628 924 1705 sub
952 1629 1088 1728 optimo
1112 1640 1342 1729 praeceptore
1371 1629 1541 1716 Palladio,
1569 1630 1670 1728 eujus
1690 1630 1844 1730 vestigiis

380 1762 511 1838 sanetis
538 1761 691 1837 tirmiter
715 1760 835 1847 haelit,
866 1771 908 1835 ut
930 1761 1008 1860 jam
1038 1760 1094 1835 vir
1121 1761 1239 1839 eous
1268 1765 1428 1839 omnium
1456 1762 1682 1838 scientiarum
1710 1787 1843 1862 genere

380 1892 530 1968 evaserit
558 1889 849 1968 instrudtilsrmus.
900 1891 1043 1966 Morum
1071 1889 1254 1982 suavitate,
1286 1895 1381 1971 vitae
1411 1894 1619 1994 integritate
1647 1905 1685 1970 et
1713 1893 1844 1973 unui-

380 2024 508 2112 monia,
539 2048 581 2098 ae
610 2023 777 2124 singulari
807 2024 980 2110 dodtrina
1010 2022 1232 2122 splendorem
1260 2027 1400 2126 generis
1429 2051 1502 2101 non
1529 2026 1697 2125 aequavit
1725 2028 1843 2114 modo,

379 2161 439 2235 sed
466 2161 575 2234 etiam
605 2158 793 2258 superavit.
846 2157 910 2231 Vir
935 2183 959 2232 a
983 2167 1112 2232 natura
1130 2158 1236 2256 plane
1262 2159 1309 2234 ad
1335 2160 1505 2235 virtutem
1529 2169 1567 2234 et
1591 2161 1704 2236 bonas
1720 2160 1844 2237 literae

380 2287 603 2390 capessendas
630 2290 748 2365 faetus
777 2300 814 2364 et
843 2289 1025 2374 formatus
1055 2288 1102 2363 ad
1131 2289 1318 2366 industrios
1347 2291 1456 2366 etiam
1481 2289 1713 2366 studiosorum
1737 2316 1844 2368 eonn-

379 2434 439 2498 tus
479 2421 738 2522 promovendos
780 2429 894 2506 natus
937 2420 999 2519 qui
1044 2431 1120 2496 tarn
1161 2423 1310 2497 ardente
1352 2424 1582 2522 persedtionis
1623 2424 1843 2501 Cbnstianae

379 2555 554 2654 flagrabat
590 2576 721 2638 amore,
755 2562 797 2624 ut
835 2550 881 2624 de
920 2551 1053 2626 virtute
1092 2551 1130 2627 in
1163 2553 1336 2628 virtutem
1377 2555 1583 2653 prooedens,
1625 2554 1765 2654 semper
1807 2555 1842 2631 se

379 2687 564 2762 meliorem
579 2686 658 2760 fieri
683 2683 924 2758 contenderet.
976 2683 1087 2757 Bonis
1111 2688 1256 2761 tandem
1283 2688 1397 2762 literis
1421 2700 1459 2762 et
1483 2687 1624 2762 eximiis
1649 2688 1844 2765 virtutibus

381 2819 539 2905 ducibus,
570 2814 724 2892 sueeelsu
757 2814 928 2913 temporis
959 2815 1006 2889 ad
1035 2815 1191 2892 Oreades
1223 2818 1353 2894 insulas
1386 2845 1478 2905 eum,
1508 2808 1730 2918 episcopatus
1758 2846 1844 2895 auo-

380 2952 527 3027 toritnte
553 2949 784 3032 cumulatum,
809 2956 850 3021 ut
872 2956 1017 3046 gentem
1040 2946 1090 3021 ibi
1112 2949 1239 3023 rudem
1268 2960 1305 3025 et
1334 2952 1523 3026 barbaram
1544 2952 1614 3025 fide
1645 2950 1844 3027 Christiana

381 3084 568 3168 imbueret
613 3080 795 3156 Palladius
836 3078 1013 3177 allegavit,
1048 3088 1091 3152 ut
1123 3080 1279 3156 Oreades
1315 3094 1353 3156 et
1386 3082 1570 3158 Insulanos
1602 3083 1684 3157 illos
1724 3083 1843 3160 Chris-

380 3217 499 3291 tianae
523 3213 704 3315 religionis
725 3213 863 3288 cultum
885 3212 1048 3297 dooeret3
1071 3213 1168 3310 qnod
1190 3224 1228 3288 et
1249 3214 1397 3289 studiose
1419 3214 1514 3299 feeit,
1535 3224 1639 3289 tanto
1659 3215 1843 3315 religionis

380 3348 591 3449 pietatisque
632 3344 866 3444 proferendae
906 3342 1020 3418 studio
1055 3344 1163 3418 officii
1195 3346 1247 3420 sui
1288 3357 1410 3445 partes
1450 3347 1631 3422 cumulate
1671 3347 1841 3446 explevit,

381 3482 512 3580 partim
541 3476 699 3554 haeresin
724 3475 953 3575 Pelagianam
983 3501 1028 3550 ex
1055 3473 1303 3552 Insulanorum
1328 3478 1455 3553 animis
1484 3479 1678 3564 evellendo,
1708 3479 1841 3577 partim

381 3613 562 3714 religionis
586 3612 780 3712 puritatem
804 3611 948 3686 illorum
966 3611 1044 3709 jam
1067 3610 1229 3710 purgatis
1253 3610 1381 3686 animis
1407 3611 1616 3698 instillanda
1642 3621 1684 3686 ut
1710 3612 1841 3688 merito

381 3746 443 3821 fibi
478 3770 609 3820 nomen
638 3744 840 3820 immortale
873 3751 1105 3841 compararet,
1131 3752 1170 3817 et
1194 3742 1373 3816 Oreadum
1400 3741 1588 3840 Apostolus
1611 3741 1730 3840 polles
1759 3768 1841 3819 oen-

381 3880 526 3954 seretur.
595 3877 858 3976 Kentigernum
892 3875 1039 3950 Seotum
1075 3874 1173 3950 inter
1210 3872 1299 3948 alios
1336 3873 1470 3949 multos
1503 3872 1711 3973 diseipulum
1744 3875 1843 3952 obse-

382 4006 643 4109 quentillimum
676 4006 829 4094 habuit;
863 4006 926 4103 qui
959 4007 1079 4104 polles
1111 4030 1184 4080 non
1216 4015 1360 4080 tantum
1392 4005 1430 4079 in
1470 4005 1676 4092 Oreadibus,
1709 4006 1771 4081 sed
1803 4005 1843 4081 in

382 4142 489 4219 variis
522 4141 630 4216 etiam
664 4138 806 4215 Sentiae
839 4138 1009 4238 partibus,
1044 4137 1183 4213 strenue
1217 4147 1255 4212 et
1287 4137 1440 4214 fideliter
1472 4162 1595 4214 veram
1626 4136 1756 4213 Christi
1783 4162 1843 4215 re·
1879 4236 1882 4240 ι

380 4275 550 4376 ligionem
582 4270 801 4372 propagavit.
868 4266 1054 4370 Congelsrt,
1084 4279 1126 4343 nt
1158 4269 1333 4348 testantur
1365 4270 1547 4358 Boethius
1579 4269 1767 4358 lelandus,
1801 4283 1843 4347 et

383 4405 681 4491 Scotiehronieon,

531 4536 589 4610 Ad
606 4534 821 4610 Orcadianos
837 4532 916 4607 illos
932 4530 1105 4631 Epistolas
1120 4531 1249 4629 plures,
1266 4530 1327 4605 lib.
1345 4554 1370 4604 1.

530 4669 665 4743 Contra
680 4666 953 4766 Pelagianorum
970 4660 1149 4748 Haerefin,
1167 4661 1228 4736 lib.
1245 4684 1271 4736 1.

531 4802 586 4876 De
603 4799 796 4886 Charitate,
813 4798 874 4874 lib.
893 4820 917 4870 1.
