4470 5962
507 520 550 582 20
877 513 942 578 Da:
976 511 1318 578 SCRIPTORIBUS
1349 512 1518 578 SCOTIS.

506 704 644 790 deiude,
688 703 763 802 poll
798 699 1084 776 reformationem
1117 700 1306 799 religionis,
1341 702 1378 774 in
1412 700 1545 776 Gallias
1579 700 1728 799 trajecit,
1768 701 1829 777 ubi
1862 712 1952 777 tom-

506 837 602 934 poris
632 832 784 910 successu
818 834 917 908 brevi
950 843 1071 907 orator
1106 833 1225 931 regius
1267 833 1384 908 aeus
1417 834 1466 908 est
1499 832 1661 908 Lutetiae
1695 837 1790 933 apud
1823 835 1951 910 Henri-

506 993 588 1042 cum
614 967 774 1044 Tertium
791 977 829 1040 et
844 967 1032 1054 Quartum,
1048 989 1151 1063 reges
1168 965 1374 1040 Galliarum.
1426 964 1530 1039 Unde
1546 964 1678 1064 scripsit

653 1099 778 1174 Varias
795 1097 982 1173 Orationes
997 1099 1043 1173 ad
1061 1098 1178 1196 Reges
1191 1109 1228 1173 et
1245 1097 1436 1196 Principes,
1454 1098 1596 1172 nomine
1614 1099 1772 1197 Reginae
1789 1101 1933 1176 Mariae.

655 1231 888 1331 Epistolarum
904 1231 950 1305 ad
966 1231 1082 1305 varios
1098 1231 1267 1305 Proceres
1284 1230 1420 1306 Galliae
1437 1230 1497 1306 lib.
1514 1252 1555 1304 11.

506 1364 643 1443 Claruit
670 1388 764 1439 anno
789 1365 865 1462 post
890 1363 1066 1438 Christum
1092 1363 1130 1437 in
1165 1388 1270 1438 carne
1303 1373 1428 1438 natum
1467 1367 1574 1449 1603,
1608 1375 1779 1463 regnante
1815 1366 1952 1442 Jaoobo

506 1498 583 1595 ejus
598 1497 751 1571 nominis
769 1496 877 1571 sexto.

909 1790 980 1864 DE
1001 1790 1218 1866 GEORGIO
1244 1791 1555 1868 EGLISEMllssO.

506 2021 703 2096 Gnoncme
739 2021 1013 2108 Eemenmuue,
1056 2021 1223 2108 medicus,
1267 2024 1411 2097 natione
1451 2025 1587 2110 scotus,
1625 2026 1680 2098 vir
1716 2025 1754 2100 in
1790 2027 1954 2102 omnibus¹

505 2152 658 2227 scientiis
691 2164 727 2228 et
759 2130 896 2228 artibus
925 2152 1106 2253 insigniter
1141 2153 1309 2238 eruditus,
1345 2153 1382 2227 in
1420 2163 1572 2251 utroque
1609 2153 1780 2230 scribendi
1812 2180 1952 2254 genere,

506 2286 607 2362 versu
646 2263 777 2362 scilicet
821 2298 858 2361 et
897 2286 1011 2363 soluta
1046 2287 1215 2374 oratione,
1255 2280 1488 2383 peritissimae,
1525 2284 1641 2382 primo
1680 2285 1718 2358 in
1761 2285 1954 2361 Academia

506 2403 699 2494 Andreana
732 2419 873 2494 cursum
906 2419 1145 2517 philosophiae
1180 2416 1355 2517 perfecit;
1387 2415 1506 2513 postea
1538 2415 1672 2491 Gallias
1710 2416 1953 2492 Germaniam-

505 2578 575 2650 que
603 2553 813 2653 peragravit,
843 2575 1079 2651 magnamque
1110 2551 1148 2626 in
1174 2562 1326 2649 unaque
1355 2548 1500 2646 regione
1529 2548 1708 2624 contraxit
1736 2550 1955 2625 familiarita—

505 2694 581 2758 tem
611 2694 649 2760 et
681 2684 874 2759 amicitiam
903 2708 985 2758 oum
1014 2684 1136 2759 multis
1166 2683 1282 2760 donis
1310 2681 1404 2754 viris
1468 2678 1623 2755 Demum
1656 2681 1693 2755 in
1727 2682 1955 2757 Hollandiam

508 2817 699 2916 profectus
738 2816 800 2891 ubi
837 2816 883 2890 ad
921 2815 1160 2914 philosophiae
1195 2810 1439 2915 pruseffionem
1477 2812 1656 2910 publicam
1690 2814 1728 2888 in
1762 2815 1955 2892 Academia

507 2946 728 3047 Lugdunenli
755 2948 803 3021 est
832 2957 987 3032 uocatus,
1014 2946 1143 3045 quippe
1171 2947 1209 3020 in
1234 2943 1481 3044 philosophicis
1505 2946 1626 3023 studiis
1650 2958 1687 3023 et
1713 2948 1752 3022 in
1780 2958 1857 3024 arte
1881 2975 1955 3024 me-

509 3082 616 3155 dendi
651 3080 785 3180 optime
809 3080 987 3154 versatus:
1014 3079 1052 3153 in
1075 3079 1144 3153 hoo
1168 3077 1292 3153 infelix
1321 3078 1437 3152 suerat
1466 3077 1563 3174 quod
1593 3078 1811 3156 Buchanano
1835 3092 1956 3179 poeta·

507 3238 587 3288 rum
603 3213 754 3313 principi
770 3211 805 3287 se
823 3212 1041 3311 opposuerat.
1093 3209 1236 3308 Scripsit

655 3346 830 3445 Libellum
847 3355 972 3419 contra
987 3344 1208 3419 Vorstianam
1224 3341 1402 3417 Haerelin.

659 3477 987 3556 Animadversiones
1003 3480 1041 3554 in
1056 3479 1254 3555 Aristotelis
1269 3472 1445 3573 logicam.

658 3612 849 3687 Transtulit
873 3611 982 3686 etiam
1007 3610 1164 3686 Psalmos
1192 3606 1370 3708 quosdam,
1401 3607 1439 3680 in
1470 3605 1532 3680 illa
1556 3605 1802 3684 Controversia
1830 3621 1955 3686 contra

707 3743 879 3817 Thomam
901 3741 1064 3829 Reidum,
1083 3741 1309 3817 secretarium
1326 3738 1445 3838 Regis,
1468 3748 1504 3813 et
1522 3738 1790 3826 Buchauanum

508 3873 648 3972 aliaque
682 3876 857 3975 quaedam
884 3873 1022 3973 scriptis
1048 3872 1228 3949 commitit.
1278 3871 1416 3948 claruit
1443 3895 1537 3946 anno
1565 3871 1709 3946 Domini
1739 3877 1845 3960 1611,
1876 3900 1954 3974 reg·

509 4018 617 4083 nante
632 4008 769 4083 Jacobo
794 4006 917 4085 Primo
934 4006 973 4080 in
988 4005 1184 4082 Britannia

953 4299 1019 4373 DE
1044 4299 1292 4374 GULIELMO
1317 4298 1510 4375 CRAGIO.

509 4532 735 4607 Goumauus
754 4532 926 4607 Culmus
951 4529 1233 4631 Edinburgenfis,
1255 4530 1349 4605 filius
1374 4530 1524 4606 Joannis
1551 4531 1680 4630 Cragii
1705 4532 1851 4629 pastoris
1875 4546 1912 4608 et
1934 4560 1957 4611 a

509 4663 614 4738 sacris
639 4660 841 4738 sereniffimi
869 4661 963 4762 regis
999 4663 1196 4750 Scotorum,
1234 4662 1432 4763 Edinburgi
1460 4662 1498 4737 in
1528 4663 1630 4738 bonis
1657 4663 1770 4739 literis
1804 4667 1850 4741 ab
1885 4667 1959 4765 ipsa

510 4797 663 4897 pueritia
703 4795 840 4871 utiliter
881 4794 1080 4883 educatus3
1127 4794 1254 4872 deinde
1296 4793 1404 4892 paulo
1445 4794 1521 4892 post
1566 4793 1703 4871 Gallias
1739 4795 1853 4895 petiit
1895 4799 1957 4873 ubi
