4448 5964
640 551 705 615 DE
742 549 1090 618 SCRIPTORIBUS
1127 552 1296 620 SCOTIS.
1654 563 1697 626 55

249 742 427 818 linceritas
459 752 497 816 et
529 739 746 838 suspicienda
774 738 898 837 pietas.
962 739 1052 814 Erat
1078 751 1200 816 autem
1229 766 1252 815 a
1280 742 1474 840 puerilibus
1502 747 1604 821 annis
1632 749 1705 844 pie-

245 876 330 952 tatis
352 873 567 950 excolendae
592 871 704 946 studio
725 868 988 957 addidlillimus,
1011 883 1049 947 et
1073 874 1121 948 ad
1145 875 1270 948 mundi
1296 886 1541 975 contemptum
1560 903 1701 975 pronus.

247 1007 462 1086 Adolescens
502 1005 624 1102 itaque
663 1003 913 1078 monasterium
957 1005 1164 1104 ingreditur,
1210 1008 1272 1082 ubi
1310 1033 1392 1082 cum
1431 1007 1633 1084 defideratis
1666 1023 1703 1085 et

246 1139 444 1240 concupitis
480 1136 624 1235 pietatis
657 1136 874 1210 exercendae
914 1137 1042 1223 studiis,
1077 1149 1115 1213 et
1156 1141 1273 1214 sacrae
1311 1141 1456 1215 lectioni
1501 1142 1702 1217 divinorum

247 1275 478 1359 voluminum,
504 1282 542 1345 et
566 1269 717 1345 aliorum
744 1271 933 1343 aneorum
960 1271 1265 1346 lucubrationibus
1291 1272 1444 1372 vigilem,
1469 1273 1636 1359 sedulam,
1666 1288 1704 1350 et

248 1404 450 1484 indefalfam
483 1412 632 1478 navaret
671 1425 825 1499 operam,
861 1427 1028 1500 magnam
1061 1402 1143 1478 sane
1179 1415 1216 1479 et
1255 1405 1401 1479 minime
1440 1407 1624 1505 vulgarem
1666 1410 1703 1481 in

248 1537 447 1614 eruditione
475 1544 512 1608 et
538 1533 672 1632 pietate
698 1531 838 1630 frugem
865 1542 902 1606 et
928 1533 1129 1630 profectum
1155 1536 1260 1623 fecit;
1290 1561 1442 1634 cumque
1467 1537 1553 1612 elfet
1575 1549 1704 1615 natura

248 1670 430 1754 facundus
473 1665 696 1764 eloquentiae
734 1663 951 1750 facultatem,
992 1667 1104 1742 nativi
1144 1669 1321 1744 idiomatis
1354 1670 1579 1768 expolitione,
1614 1673 1703 1747 mire

249 1802 456 1880 exornabat.
523 1797 703 1896 Populum
730 1795 821 1870 ferio
849 1795 1040 1897 seduloque
1070 1801 1176 1875 officii
1209 1803 1432 1888 admonebat,
1460 1803 1568 1901 idque
1601 1815 1738 1878 tanto·

250 1935 373 2012 utilius
399 1942 437 2008 et
466 1929 651 2015 efficacius,
680 1928 776 2025 quod
801 1928 944 2026 publico
973 1929 1174 2030 inculpatae
1199 1933 1294 2007 vitae
1318 1933 1517 2008 testimonio
1540 1933 1703 2034 semetip-

249 2070 326 2144 sum
350 2063 544 2141 imitandae
566 2060 710 2159 pietatis
739 2061 921 2158 exemplar
945 2075 1169 2160 proponeret.
1221 2065 1322 2153 Quae
1351 2066 1471 2140 omnia
1496 2090 1579 2140 cum
1603 2067 1704 2141 inno

248 2197 393 2275 tuilfent
421 2194 591 2270 fratribus
619 2192 829 2277 monasterii,
859 2194 976 2291 primo
1006 2219 1089 2269 eum
1123 2220 1188 2295 per
1221 2196 1464 2272 ecelefianicos
1494 2199 1625 2296 gradus
1658 2201 1703 2273 ad

248 2331 510 2433 prelbyteratus
539 2325 704 2410 officium,
734 2326 899 2422 precibus
933 2327 1130 2414 ascendere,
1161 2327 1288 2403 deinde
1317 2330 1472 2427 ejusdem
1504 2330 1704 2406 monasterii

248 2465 512 2567 praefecturam
536 2483 661 2559 gerere
686 2468 888 2557 coegerunt.
950 2458 1071 2546 Quum
1096 2484 1180 2534 vero
1205 2485 1332 2559 parum
1354 2462 1450 2559 apud
1472 2461 1552 2537 snos
1572 2459 1705 2538 allidua

249 2595 513 2698 praedicatione
542 2589 704 2666 ecclefiae
734 2589 884 2677 causam,
914 2589 952 2663 in
979 2591 1108 2666 ritibus
1140 2591 1234 2667 hisce
1267 2593 1378 2678 novis,
1411 2591 1591 2677 Paschate‚
1625 2605 1705 2668 ton-

248 2732 339 2816 sura,
363 2738 401 2803 et
425 2725 603 2810 fimilibus‚
628 2719 863 2822 promovilfet,
889 2723 1143 2798 deliberatione
1168 2723 1367 2799 discedendi
1393 2724 1499 2811 fabia,
1525 2750 1607 2799 cum
1634 2726 1704 2800 fuis

249 2864 359 2949 sociis,
380 2859 599 2935 Colomanno
622 2853 835 2953 prelbytero,
859 2854 1057 2928 Totmanno
1078 2854 1203 2929 Levita
1225 2865 1263 2928 et
1292 2855 1449 2942 diacono,
1476 2857 1565 2930 urbe
1591 2855 1704 2954 egres-

250 2998 316 3083 sus,
339 2994 455 3093 primo
478 2989 622 3088 quidem
643 2988 681 3061 in
702 2986 908 3061 viciniorem
931 2986 1113 3084 regionem
1138 2988 1315 3086 Angliam
1342 2989 1461 3086 postea
1480 2989 1518 3061 in
1539 2988 1703 3073 Galliam,

248 3154 291 3204 ac
324 3126 471 3204 tandem
505 3123 542 3196 in
575 3118 816 3205 Germaniam,
851 3128 888 3192 et
920 3118 967 3193 ad
1000 3117 1171 3195 Franciae
1205 3120 1387 3196 orientalis
1420 3122 1546 3195 urbem
1576 3120 1705 3195 Herbi·

249 3261 369 3360 polim,
404 3281 496 3355 quae
529 3252 666 3328 etalio
699 3250 842 3325 nomine
876 3250 1094 3349 Wurtzburg
1127 3251 1266 3337 dicitur,
1302 3251 1420 3326 locum
1457 3250 1522 3326 fibi
1558 3251 1705 3327 destina·

249 3406 328 3468 tum
357 3388 529 3490 pervenit.
594 3385 665 3460 Sed
694 3394 815 3458 tamen
849 3381 1123 3481 praedicationis
1151 3384 1294 3457 interim
1322 3382 1497 3470 abstinuit
1526 3384 1638 3457 donec
1667 3385 1704 3457 in

250 3524 452 3625 episcopum
486 3516 716 3602 consecratus
750 3513 876 3612 majori
913 3537 995 3587 cum
1030 3513 1246 3593 auctoritate
1280 3515 1504 3614 Herbipolim
1545 3516 1705 3591 reversus

250 3654 482 3757 praedicaret.
543 3650 602 3725 Ad
630 3646 810 3722 civitatem
839 3656 961 3720 autem
989 3644 1088 3720 illam
1117 3647 1339 3732 Gemanica,
1369 3649 1416 3722 ad
1444 3648 1613 3723 Moenum
1643 3674 1705 3722 no-

250 3784 453 3866 bilissimum
477 3807 619 3859 amnem
643 3776 755 3865 fitam,
780 3777 940 3852 reversus
965 3775 1129 3852 Kilianus
1151 3801 1233 3851 cum
1258 3777 1450 3874 praedictis
1473 3778 1582 3864 sociis,
1610 3791 1705 3853 vete-

244 3933 333 3995 'rum
358 3915 584 3994 ecclesiarum
610 3910 880 3987 consuetudines
904 3907 1018 3982 sacras
1043 3907 1081 3982 in
1104 3909 1284 3983 Romanas
1309 3911 1542 3985 caerimonias
1566 3922 1705 3986 mutare

252 4050 436 4130 laboravit.
504 4048 553 4122 Et
584 4070 666 4121 curn
699 4044 836 4118 videret
870 4039 1081 4116 Golbertum
1115 4042 1253 4140 regium
1286 4043 1507 4140 praesectum
1540 4046 1634 4143 apud
1671 4045 1704 4117 fe

251 4198 374 4260 tenere
404 4179 526 4256 uxoris
555 4179 633 4253 loco
663 4176 784 4250 fratris
817 4173 869 4247 sui
898 4174 1084 4272 conjugem
1116 4172 1313 4259 Geilanenn,
1346 4185 1509 4250 amanter
1541 4177 1704 4274 primum,

253 4317 414 4393 acerbius
438 4313 566 4413 postea,
596 4310 697 4383 illum
727 4309 766 4382 in
791 4307 860 4382 Dei
889 4306 1000 4378 verbo
1030 4306 1253 4381 admonebat.
1304 4307 1410 4396 Quod
1443 4332 1524 4382 cum
1559 4309 1706 4385 odorata

254 4447 340 4524 ellat
366 4447 523 4531 Geilaua,
552 4444 672 4517 furore
702 4439 854 4524 accensa,
881 4436 1064 4510 Kilianum
1097 4448 1134 4512 et
1166 4438 1277 4514 socios
1308 4438 1460 4514 interfici
1492 4442 1705 4539 procuravit,

254 4595 291 4657 et
325 4605 449 4656 eorum
481 4600 639 4676 corpora,
675 4600 720 4648 ne
753 4573 889 4647 factum
922 4569 1098 4668 proderet,
1133 4595 1205 4645 una
1238 4594 1319 4645 cum
1352 4572 1452 4647 libris
1486 4584 1522 4647 et
1557 4574 1707 4648 vestibus

255 4715 318 4789 lub
333 4724 432 4788 terra
448 4707 621 4787 abscondi.
673 4701 896 4781 Contexuilfe
913 4702 1027 4777 fertur

275 4940 281 4951 ‚
405 4845 539 4919 Contra
554 4839 759 4943 peregrinos
775 4836 879 4911 Ritos
895 4859 937 4911 ac
953 4833 1080 4910 Cultus
1096 4832 1236 4909 librum.
