4470 5962
432 503 476 566 58
833 499 898 565 DE
932 494 1279 564 SCRIPTORIBUS
1312 495 1481 563 scone

433 686 607 762 abstrusae
631 686 818 762 eostam
840 711 926 786 opes
951 685 1095 762 venusto
1119 683 1192 759 orie
1218 683 1317 783 gestu
1343 684 1530 784 proferret,
1554 695 1593 761 et
1616 685 1887 786 interpretando

433 820 570 895 intaeta
598 821 644 894 ab
672 819 752 893 aliia
778 818 882 893 avide
911 819 1117 895 sonaretur.
1168 816 1344 915 Cupiebat
1370 818 1466 893 enim
1494 818 1651 894 obscuris
1678 820 1887 895 meatibus

434 953 550 1027 lucem
583 952 678 1037 dare,
712 960 749 1025 et
780 950 946 1026 rancidae
979 948 1161 1025 vetustatis
1193 948 1374 1035 vocabula,
1401 950 1479 1048 jam
1507 949 1613 1049 plane
1643 949 1832 1048 repudiata
1861 919 1911 1025 e·

434 1083 525 1158 sanis
560 1083 795 1180 scriptoribus,
830 1082 869 1155 in
906 1081 1008 1156 usum
1042 1082 1201 1155 Graecae
1239 1077 1493 1175 Romanaeque
1527 1075 1670 1174 liuguae
1706 1099 1883 1150 revocare.

435 1216 499 1289 Ad,
521 1216 619 1300 haec,
648 1214 781 1313 pietate
810 1214 1051 1312 religioneque
1080 1212 1179 1310 prius
1207 1219 1271 1285 ant
1299 1209 1480 1307 antiquina
1507 1207 1597 1283 nibil
1625 1207 1762 1283 babuit.
1828 1208 1885 1283 De

434 1346 604 1421 Paschate
629 1330 759 1432 tamen,
785 1345 938 1431 tonsura,
969 1343 1157 1428 coelibatu,
1181 1339 1328 1437 aliisque
1357 1340 1541 1415 Romarm
1565 1337 1728 1415 eeclesiae
1756 1339 1886 1415 ritibus

434 1503 515 1551 cum
557 1478 694 1551 Finano
735 1476 866 1551 acriter
906 1473 1131 1561 contristasse,
1165 1483 1203 1548 et
1235 1469 1426 1569 sophisticis
1466 1471 1623 1547 elenchis
1654 1471 1701 1547 de
1732 1470 1885 1547 vislerio

434 1607 662 1708 triumphasse
691 1608 832 1695 sertum
865 1608 1132 1683 monachalibus
1164 1602 1363 1703 imposturis
1396 1614 1433 1677 et
1464 1602 1632 1702 papistiea
1663 1603 1744 1679 labe
1776 1602 1886 1679 sordi·

434 1743 508 1828 dus,
544 1742 631 1816 alins
663 1742 853 1817 dubiorum
886 1741 1045 1814 virorum
1074 1736 1264 1813 illustrium
1297 1735 1460 1834 catalogo
1487 1736 1617 1812 merito
1649 1736 1883 1811 ascalenem.

434 1872 639 1972 Composuit
656 1872 752 1947 enim
768 1871 975 1970 praesertim
992 1880 1118 1944 contra
1134 1869 1326 1943 Britannos
1341 1877 1379 1943 et
1396 1868 1530 1954 Scotor,

583 2004 638 2077 De
655 2001 809 2077 Paschae
825 2001 1088 2087 Observatione,
1105 2001 1166 2077 lib.
1184 2020 1210 2073 1.

582 2115 828 2208 propensum
843 2159 885 2208 ae
902 2133 1098 2218 mereatu,
1116 2132 1176 2208 ab.
1195 2152 1221 2204 1.

522 2294 525 2301 -
582 2263 739 2363 sagrus
754 2240 899 2338 araim
914 2262 1142 2349 aversarum,
1159 2262 1221 2337 nn
1239 2282 1265 2336 1.

583 2394 638 2469 De
655 2393 855 2493 Discipliuis
871 2393 1102 2481 naturalibus,
1119 2393 1224 2468 libr.

583 2527 743 2626 Hymnus
759 2553 801 2603 ac
818 2527 995 2626 Dialogus,
1012 2527 1073 2603 lib.
1091 2547 1115 2599 a

581 2657 754 2756 Epistolm
769 2658 948 2757 quasdam,
966 2657 1027 2732 lib.
1045 2680 1070 2731 1.

433 2786 482 2862 Et
506 2787 578 2864 alia
601 2791 785 2887 quaedam
836 2788 975 2865 Claruit
1003 2787 1066 2864 sub
1091 2787 1263 2864 Mordnco
1296 2811 1508 2886 regemne
1533 2787 1795 2865 restaurationis
1816 2788 1886 2865 bu·

434 2943 559 2995 manoe
600 2945 666 3018 per
706 2921 929 2996 incarnatum
961 2917 1120 2995 Melliam
1153 2920 1227 2998 717
1243 2948 1254 2997 ε
1296 2920 1334 2994 in
1373 2919 1435 2995 suo
1477 2920 1687 2997 monasterio
1728 2920 1886 3020 sepulta

435 3050 579 3146 quievit,
596 3062 638 3126 ut
654 3050 825 3138 Leslneus,
842 3052 983 3138 Bnlcua
999 3051 1236 3149 Dempllerus,
1250 3052 1440 3138 Gesnerue,
1457 3061 1495 3128 et
1510 3051 1572 3129 alii
1587 3052 1770 3129 testantur.

978 3308 1047 3421 na
1071 3346 1343 3421 noumlom.

437 3577 681 3665 Bormam
714 3579 975 3656 Germanorum
1007 3578 1204 3678 Apostolus,
1237 3577 1373 3677 primus
1410 3576 1704 3678 Arebiepffeopm
1734 3580 1887 3682 blegne-

435 3709 541 3796 linue,
566 3711 709 3786 natione
731 3711 869 3798 Scotus.
890 3711 1086 3787 monachus
1110 3708 1243 3787 ordinis
1267 3709 1302 3786 S
1328 3709 1527 3797 Benedisti,
1550 3721 1594 3787 ut
1615 3712 1727 3789 τάκ
1747 3713 1888 3793 Μ»-

436 3840 537 3928 mins,
565 3841 759 3917 comesset
783 3866 873 3940 puer
900 3842 1059 3940 quinque
1083 3865 1268 3928 annorum,
1297 3842 1551 3941 aparentibus
1578 3843 1649 3920 suis
1676 3845 1887 3923 monasterio

438 3972 476 4047 in
506 3974 646 4074 Anglia,
674 3975 769 4073 qnod
798 3973 965 4051 Mischele
992 3973 1134 4062 dicitnr,
1159 3973 1299 4049 oblatam
1323 3973 1385 4060 est,
1411 3974 1450 4051 in
1477 3999 1552 4072 quo
1576 3974 1691 4052 literis
1712 4000 1756 4053 ac
1778 3977 1887 4055 mnri—

436 4105 503 4180 bns
542 4106 692 4182 Mum
730 4106 949 4207 impendens,
982 4106 1107 4182 viret
1139 4107 1268 4181 domm
1300 4116 1339 4181 et
1370 4104 1604 4183 sanstillimne
1635 4105 1752 4185 evasa
1819 4109 1888 4185 Or·

438 4235 579 4314 dimum
611 4250 732 4315 antem
769 4238 960 4340 presbyter,
994 4264 1114 4316 amore
1151 4238 1401 4339 peregrinandi
1432 4263 1498 4338 pro
1531 4239 1679 4327 Christo,
1712 4240 1811 4319 venit
1846 4239 1921 4317 in*

436 4367 675 4456 Germaniam,
705 4371 825 4470 ibique
856 4372 1064 4469 praedicem
1095 4372 1244 4446 verbum
1277 4369 1355 4459 Dei,
1383 4397 1408 4446 a
1433 4372 1607 4472 Gregorio
1639 4398 1733 4473 popo
1763 4373 1888 4449 Primo

436 4499 617 4599 episcopus
645 4503 924 4602 Mogrmtiuenfis
952 4501 1137 4578 ordinatur
1165 4501 1223 4588 est.
1249 4511 1288 4577 et
1311 4504 1360 4578 nb
1389 4503 1465 4600 ejus
1493 4501 1683 4581 successore
1711 4505 1888 4604 Gregorio

436 4630 566 4719 Tertio,
602 4632 640 4707 in
677 4632 979 4732 archiepiscopum
1011 4643 1049 4710 et
1080 4632 1271 4732 primatem
1302 4633 1516 4710 Germaniae
1551 4634 1784 4713 sublimatu:
1823 4636 1887 4736 qni

435 4786 518 4838 cnm
545 4762 632 4840 esset
658 4765 713 4840 vir
738 4766 908 4854 eruditus,
937 4790 1010 4843 non
1034 4775 1180 4852 tantum
1200 4767 1321 4855 serbo,
1348 4766 1408 4843 sed
1438 4777 1476 4842 et
1503 4767 1643 4867 scripto,
1669 4765 1887 4846 oommissnm
