4470 5962
535 546 599 610 104
948 543 1013 610 DE
1047 543 1392 612 SCRIPTORIBUS
1426 545 1597 614 SCOTIS.

533 731 633 814 ciem,
657 731 808 806 ulterius
832 730 995 809 detineri.
1037 728 1234 809 Constituit
1251 756 1337 832 ergo
1361 732 1530 833 piillimue
1551 732 1680 811 Christi
1701 732 1855 811 famulus
1880 739 1991 824 abire,

533 885 584 946 ac,
608 888 673 959 pro
700 862 768 937 Dei
794 862 901 938 domo
925 864 1042 938 zelum
1071 863 1214 950 babens,
1245 864 1454 941 remotiores
1478 865 1577 941 adire
1604 865 1813 963 provincias,
1843 879 1990 944 uttam

532 1003 693 1089 apertam
720 994 788 1069 Dei
822 993 1084 1091 blasphemiam,
1114 1004 1152 1069 et
1185 993 1345 1070 salutaria
1380 995 1456 1094 ejus
1487 994 1587 1070 verbi
1615 993 1789 1093 injuriam
1818 997 1989 1095 gravibus

533 1122 603 1197 suis
628 1123 765 1222 scriptia
792 1124 1014 1212 vindicaret3
1043 1135 1081 1200 et
1105 1150 1217 1223 quum
1243 1122 1388 1200 venisset
1417 1125 1627 1213 londinum,
1654 1127 1823 1225 quosdam
1850 1140 1887 1202 et
1912 1130 1987 1206 illic

533 1253 667 1327 invenit
704 1256 829 1329 eodem
862 1255 1065 1329 laborantes
1096 1259 1251 1332 morbo”
1305 1257 1469 1356 Arripuit
1496 1281 1583 1356 ergo
1619 1257 1808 1344 calamum,-
1839 1272 1876 1334 et
1909 1263 1986 1359 post

533 1385 710 1481 quandam
745 1385 783 1457 in
815 1409 859 1459 ea
891 1410 940 1470 re,
976 1396 1188 1483 procurante
1225 1386 1434 1476 Cromwelo,
1476 1387 1774 1487 disceptationem,
1815 1392 1984 1468 adversus

530 1514 708 1590 Joannem
734 1516 925 1614 Stokessey,
952 1517 1208 1623 londinensem
1235 1519 1446 1618 episcopum,
1473 1544 1519 1595 ex
1549 1519 1741 1620 Scripturie
1767 1521 1872 1599 sacris
1900 1548 1984 1600 eon·

531 1643 640 1743 geffit

681 1780 736 1853 De
753 1780 981 1856 Auctoritate
998 1780 1108 1856 Verbi
1125 1781 1203 1867 Dei,
1220 1781 1280 1857 lib.
1298 1802 1323 1855 1.

679 1910 737 1984 Ad
754 1910 942 1986 Scotorum
958 1912 1104 2008 Regem,
1122 1922 1247 1986 contra
1262 1910 1461 2011 Epffcopoe

680 2041 723 2113 ln
740 2065 863 2116 omues
879 2041 1050 2140 Epistulae
1066 2042 1179 2128 Pauli
1196 2041 1256 2117 lib.
1275 2062 1352 2116 xlv,

679 2171 943 2271 Disputationes
959 2173 996 2246 in
1014 2174 1167 2248 Paulum
1182 2174 1229 2248 ad
1245 2174 1435 2262 Romanos,
1452 2175 1513 2251 lib.
1529 2199 1555 2251 1.

679 2304 814 2379 Contra
830 2305 1033 2380 Culumniee
1050 2303 1225 2391 Cochlaei,
1241 2304 1302 2379 lib.
1318 2325 1344 2379 1.

679 2436 734 2510 De
751 2438 931 2535 utriusque
948 2437 1105 2512 Naturae
1123 2435 1255 2512 Officiis
1271 2437 1308 2510 in
1325 2436 1471 2522 Christo,
1489 2436 1548 2511 lib

679 2568 734 2642 De
750 2568 916 2644 distinete
931 2570 1006 2668 ejus
1023 2566 1211 2667 Hypostali,
1228 2567 1289 2642 lib.
1307 2588 1332 2641 1.

676 2699 812 2776 Contra
827 2699 1092 2776 lovanieniium
1109 2699 1297 2785 Articuloe,
1314 2698 1375 2773 lib.
1393 2720 1417 2775 1.

677 2829 732 2905 De
747 2830 1012 2916 iustificatione,
1029 2840 1154 2905 contra
1169 2827 1387 2914 Ofiandrum,
1405 2826 1465 2902 lib.

676 2963 811 3038 Contra
826 2963 1038 3039 Michaelem
1054 2962 1251 3048 Serretum,
1268 2958 1328 3036 lib.

539 3136 542 3141 ·
676 3093 731 3168 De
748 3094 940 3194 Scripturis
956 3093 1129 3193 legendis
1144 3093 1183 3167 in
1198 3092 1522 3192 liugrmmutema,
1539 3090 1599 3168 lib.

675 3225 747 3300 Pro
765 3226 953 3302 Scotorum
970 3224 1177 3302 Concordia

527 3357 711 3431 Convertit
740 3360 786 3433 ab
813 3356 964 3455 Anglico
992 3355 1152 3431 sermone
1180 3353 1219 3428 in
1243 3352 1403 3452 linguam
1430 3352 1594 3428 latinam
1624 3351 1874 3432 Ordinationes
1902 3359 1978 3435 An-

385 3541 387 3545 .
525 3491 666 3588 glomm
703 3486 886 3574 Ecoleliae,
919 3487 980 3562 lib.
1018 3485 1281 3562 Praefationem
1312 3483 1417 3584 super
1451 3484 1664 3563 Obedientia
1695 3486 1894 3575 Gordineri,
1936 3503 1975 3568 et

527 3621 597 3697 alia
634 3621 820 3720 permulta
858 3644 951 3718 quae
987 3619 1034 3695 ad
1070 3619 1263 3695 utilitatem
1304 3613 1467 3692 eoelefiae
1508 3615 1684 3717 eongeffit
1717 3630 1755 3693 et
1787 3620 1825 3695 in
1858 3622 1977 3700 nostro

527 3753 724 3828 nostrornm
751 3750 973 3851 Scriptorum
1001 3751 1173 3850 Catulogo
1200 3747 1308 3825 fufius
1332 3757 1595 3823 enumerarem.
1655 3747 1793 3825 Claruit
1821 3751 1859 3826 in
1885 3752 1977 3828 Sex.

526 3885 608 3961 onia
623 3907 717 3960 anno
734 3883 843 3958 Verbi
859 3881 1034 3959 incarnati
1052 3885 1159 3970 1558,
1175 3881 1239 3957 sub
1255 3879 1372 3956 Maria
1384 3879 1572 3959 Scotorum
1588 3882 1722 3980 regina,

948 4174 1015 4249 DE
1039 4172 1267 4250 PATRICIO
1292 4173 1598 4252 COCKBURNO.

524 4411 731 4485 Par-armus
757 4407 1021 4490 0011111111,
1043 4428 1089 4479 ex
1111 4401 1295 4503 praeclara
1322 4403 1476 4502 quadam
1500 4402 1689 4481 Scotorum
1712 4406 1846 4485 familia
1869 4436 1976 4513 pmg.

523 4553 636 4629 natus,
669 4568 693 4616 a
725 4539 879 4641 pueritia
909 4538 949 4612 in
980 4537 1166 4614 literarum
1198 4533 1319 4612 studiis
1344 4533 1481 4609 utiliter
1508 4536 1702 4625 educatum
1737 4564 1829 4627 nam,
1855 4554 1898 4618 ut
1928 4546 1974 4620 de

523 4700 566 4752 eo
597 4674 719 4751 scribit
746 4696 935 4759 nonnemo,
963 4670 1034 4748 olei
1061 4678 1204 4747 tanturn
1232 4677 1270 4743 et
1302 4690 1430 4767 operae
1463 4667 1500 4742 in
1532 4667 1654 4745 studiis
1680 4671 1833 4747 honestis
1865 4675 1974 4752 eollo-

522 4809 624 4895 eavit
658 4816 832 4908 quantum
863 4804 926 4880 suo
958 4800 1075 4881 seculo
1107 4801 1146 4876 in
1179 4824 1223 4878 ea
1253 4797 1371 4898 petria
1402 4799 1505 4897 pauci
1537 4798 1643 4877 darie
1674 4803 1852 4881 natalibus
1888 4806 1970 4882 orti.
