4470 5962
382 532 446 595 120
793 528 858 592 DE
881 527 1224 594 SCRIPTORIBUS
1246 526 1415 595 sco'rls.

882 876 948 950 DE
971 876 1158 952 JACOBO
1183 878 1341 953 TYRIO.

382 1112 553 1187 damnus
585 1109 741 1191 Trerus,
768 1106 805 1179 S.
833 1105 1044 1203 Theologiae
1077 1105 1262 1194 Professor,
1295 1109 1438 1184 natione
1470 1111 1606 1198 Scottis,
1636 1137 1681 1188 ex
1712 1117 1836 1215 Angu-

383 1240 479 1316 siana
510 1239 692 1338 provincia
724 1237 903 1324 oriundus,
937 1237 1038 1335 cujus
1070 1238 1204 1312 familia
1235 1241 1274 1313 in
1306 1266 1350 1316 ea
1381 1241 1465 1316 satis
1505 1242 1655 1318 celebris
1690 1245 1748 1330 est,
1788 1247 1835 1320 ad

383 1371 614 1447 Academiam
635 1368 974 1466 Andreapolitanam
993 1367 1032 1441 in
1056 1371 1188 1444 teneris
1214 1371 1316 1446 annis
1340 1397 1364 1446 a
1390 1374 1597 1470 parentibus
1622 1372 1742 1450 missus
1762 1377 1834 1462 est3

384 1503 446 1577 ubi
479 1501 685 1600 diligentem
718 1524 863 1596 operam
898 1499 936 1571 in
967 1499 1070 1572 bonis
1102 1500 1239 1575 artibus
1280 1512 1317 1575 et
1350 1502 1463 1576 literis
1501 1503 1694 1579 ediscendis
1728 1531 1836 1582 nara·

384 1633 445 1719 vit,
471 1630 728 1731 philosophicas
754 1629 953 1727 disciplinas
978 1640 1143 1704 accurate
1172 1631 1304 1706 didicit.
1372 1633 1529 1708 Tandem
1559 1635 1836 1732 persuasionibus

383 1763 605 1840 sacerdotum
631 1762 892 1860 pontificiorum
921 1761 967 1835 ad
995 1785 1119 1835 eorum
1145 1763 1352 1861 religionem
1381 1774 1418 1837 et
1451 1775 1570 1862 partes
1599 1766 1650 1840 est
1677 1775 1836 1864 pertrac-

384 1908 466 1984 tus;
491 1896 613 1993 itaque
639 1894 768 1970 relista
795 1893 985 1977 academia,
1014 1902 1052 1967 et
1077 1891 1270 1966 studiorum
1296 1895 1472 1968 curriculo
1501 1895 1701 1994 interrupto
1729 1921 1836 1997 prop-

384 2040 442 2104 ter
478 2052 637 2103 amorem
673 2026 857 2099 Romanae
890 2023 1078 2122 religionis,
1118 2022 1157 2097 in
1192 2024 1346 2101 Galliam
1383 2026 1636 2101 transfretavit.
1695 2028 1834 2103 Deinde

385 2161 525 2239 Parisiis
551 2187 574 2235 a
601 2159 672 2234 suis
705 2158 944 2234 conterraneis
973 2157 1088 2233 Sectis
1114 2155 1313 2254 pontificiis,
1342 2156 1403 2255 qui
1432 2158 1481 2232 ibi
1513 2159 1552 2231 in
1580 2159 1768 2234 academiis
1797 2172 1834 2236 et

385 2293 603 2370 monasteriis
639 2293 825 2388 degebant,
859 2289 1062 2364 humaniter
1099 2288 1148 2362 est
1181 2297 1373 2384 acceptus3
1416 2312 1568 2386 eumque
1608 2287 1833 2368 intellexisset

386 2424 611 2502 seminarium
638 2421 855 2496 Jesnitarum
884 2421 922 2493 in
950 2446 993 2493 ea
1021 2421 1110 2494 urbe
1138 2420 1309 2505 aretium,
1338 2418 1424 2493 illuc
1449 2418 1618 2494 continuo
1649 2421 1834 2508 festinavit,

389 2557 517 2658 quibus
548 2556 583 2630 se
612 2553 779 2630 comitem
808 2562 845 2626 et
870 2575 993 2650 parem
1022 2550 1157 2625 ordinis
1183 2549 1278 2624 illius
1305 2551 1493 2649 adjunxit3
1522 2576 1587 2626 nee
1614 2551 1729 2627 multo
1757 2554 1835 2651 qui·

386 2692 468 2766 dem
496 2687 572 2786 post
603 2696 764 2782 tempore
792 2685 838 2758 ad
870 2683 1029 2781 publicas
1057 2680 1309 2778 disputationes
1339 2707 1364 2757 a
1392 2682 1601 2758 Serbonistis
1628 2684 1835 2759 doctoribus

387 2821 437 2898 est
476 2827 697 2917 provocatus,
738 2815 776 2890 in
816 2838 888 2911 qua
925 2812 1059 2887 solenni
1091 2810 1326 2908 disputatione
1359 2836 1479 2887 coram
1518 2837 1613 2911 rege,
1646 2814 1752 2901 clero,
1796 2827 1835 2890 et

386 2951 488 3050 regni
520 2947 733 3047 proceribus,
767 2944 820 3020 ita
844 2946 951 3020 done
978 2954 1015 3017 et
1044 2942 1185 3041 egregie
1216 2943 1252 3017 se
1284 2941 1394 3042 gellit,
1423 2955 1499 3019 tam
1527 2945 1566 3018 in
1591 2944 1834 3043 respondendo

387 3109 494 3185 quam
518 3083 557 3158 in
581 3079 800 3180 opponendo,
827 3089 869 3151 nt
895 3099 1018 3152 omnes
1042 3074 1177 3173 pariter
1198 3074 1236 3148 in
1261 3073 1314 3150 sui
1338 3076 1617 3163 admirationem,
1642 3102 1708 3176 pro
1730 3077 1835 3175 ipsius

387 3213 520 3315 ingenii
548 3211 720 3297 acumine,
751 3207 950 3282 eruditione
976 3203 1109 3302 insigni,
1136 3215 1174 3279 et
1202 3205 1373 3303 stupenda
1398 3207 1579 3294 memoria,
1608 3207 1833 3305 pertraxerit

386 3347 476 3423 Erat
515 3344 610 3419 enim
651 3342 706 3416 vir
744 3339 887 3437 optimis
925 3348 1075 3413 naturae
1112 3335 1256 3411 dotibus
1295 3337 1486 3434 praeditus,
1525 3338 1689 3414 omnibus
1725 3337 1835 3414 etiam

387 3473 592 3554 melioribus
616 3469 807 3569 disciplinis
830 3467 999 3542 nobiliter
1024 3464 1197 3554 excultus,
1221 3467 1471 3566 integerrimae
1494 3467 1599 3555 ritae,
1622 3480 1834 3567 temperans,

388 3607 572 3691 modestus,
600 3601 753 3688 humilis,
782 3599 889 3685 mitis,
918 3608 956 3673 et
977 3596 1189 3684 mansuetus,
1218 3598 1314 3695 quod
1339 3622 1422 3674 raro
1450 3599 1489 3672 in
1516 3598 1590 3674 ullo
1617 3598 1836 3675 Jesuitarum

388 3739 593 3823 invenitur;
627 3744 749 3810 orator
786 3728 1033 3814 disertislimus,
1070 3727 1298 3803 concionator
1338 3725 1644 3825 exquisitiffimus3
1677 3729 1837 3805 moribus

388 3871 506 3972 gravis
534 3877 572 3943 et
604 3865 788 3949 modestus,
821 3862 986 3937 omnibus
1024 3858 1183 3943 affabilis,
1216 3858 1496 3956 theologicarum
1527 3859 1763 3935 subtilitatum
1798 3870 1836 3936 et

390 4002 617 4103 profanamm
658 3995 843 4070 literarum
880 3991 1026 4067 scientia
1065 3988 1232 4065 nobiliter
1272 3989 1488 4076 instruttus3
1525 3987 1665 4064 divinae
1702 3990 1836 4089 gloriae

390 4134 477 4220 nelo,
499 4130 637 4206 utinam
661 4151 734 4203 non
759 4124 992 4224 praepostero,
1017 4122 1182 4207 fervidus,
1208 4129 1246 4194 et
1275 4120 1336 4218 qui
1360 4143 1425 4218 pro
1450 4121 1634 4196 Romanae
1658 4121 1839 4219 religionis

390 4260 587 4340 defensione
611 4282 655 4336 ae
679 4255 933 4357 propagatione
959 4252 1074 4328 multa
1099 4250 1184 4325 fecit
1212 4261 1249 4324 et
1273 4249 1366 4326 tulit
1426 4250 1714 4327 Coneertationes
1740 4251 1840 4327 sebo-

393 4393 537 4478 lasticas,
569 4413 652 4465 oum
687 4386 869 4486 religionis
899 4382 1188 4460 instauratoribus
1219 4380 1258 4456 in
1294 4381 1416 4456 Seotia
1450 4382 1575 4468 nostra,
1608 4385 1734 4459 beatae
1766 4407 1841 4458 me·

394 4524 528 4601 moriae
560 4519 655 4606 viris,
687 4542 760 4593 non
794 4516 900 4591 semel
933 4525 1012 4588 tum
1045 4537 1130 4586 voce
1168 4523 1247 4586 tum
1288 4510 1424 4610 seriptis
1460 4511 1609 4599 subibat,
1647 4513 1731 4587 licet
1767 4538 1840 4589 non

394 4655 484 4731 adeo
515 4651 610 4726 felici
641 4647 803 4736 successu,
833 4658 874 4721 ut
906 4646 991 4720 falso
1023 4645 1132 4719 refert
1164 4642 1333 4718 Leslaeus
1383 4643 1462 4718 Hoc
1489 4654 1611 4718 tamen
1643 4670 1709 4743 pro
1741 4656 1841 4720 certo

396 4787 572 4864 affirmare
606 4781 698 4868 lieet,
734 4804 816 4855 eum
849 4785 951 4853 tanto
983 4776 1118 4851 honore
1151 4775 1246 4871 apud
1278 4783 1398 4872 patres
1429 4774 1592 4862 defuitne,
1622 4784 1659 4850 et
1687 4774 1841 4851 summos
