4448 5964
799 499 864 563 DE
899 497 1245 566 SCRIPTORIBUS
1280 502 1449 569 SCOTIS.
1819 512 1862 592 77

392 686 555 761 Lutetiae
579 687 678 772 obiit
703 697 742 760 et
766 659 882 762 elatus
908 687 957 761 est
986 687 1128 784 publico
1151 689 1364 764 Pariliomm
1390 692 1501 778 luctu,
1527 692 1683 790 sepultus
1712 696 1858 772 insano

393 818 575 905 Matmini,
617 818 792 917 insculpto
839 819 922 893 saxo
962 818 1172 917 sepulchrali
1210 823 1408 910 astrolabio,
1452 825 1547 924 figno
1594 829 1854 916 mathematico,

392 975 474 1026 cum
490 952 547 1027 his
562 951 718 1028 obscuris
735 953 779 1028 de
795 976 890 1029 anno
907 952 1025 1028 obitus
1042 951 1213 1029 versibus:

705 1183 749 1241 M.
763 1153 871 1243 Christi
884 1183 928 1242 bis
941 1181 975 1243 Ο.
990 1192 1090 1261 quarto
1104 1183 1178 1244 deno
1191 1194 1293 1265 quater
1304 1207 1390 1258 anno,

707 1295 753 1354 De
763 1295 934 1354 Sacrobosco
947 1294 1081 1353 discrevit
1094 1302 1223 1374 tempora
1235 1316 1340 1365 ramus,

706 1407 808 1467 Gratia
820 1407 868 1469 cui
880 1426 987 1466 nomen
1000 1406 1118 1467 dederat
1129 1406 1228 1467 divina
1240 1408 1376 1467 loannes.

390 1619 438 1694 Et
452 1618 493 1693 in
510 1617 662 1711 cncuitu
675 1617 853 1717 sepulchri
869 1619 989 1693 serunt
1005 1619 1074 1693 hoc
1090 1616 1240 1717 sequens
1256 1618 1328 1717 legi
1344 1619 1548 1697 tetrasticon
1569 1649 1576 1694 :

703 1834 750 1894 De
764 1833 935 1893 Sacrobosco
948 1833 998 1911 qui
1011 1832 1185 1911 computista
1196 1832 1325 1891 Joannes

700 1945 842 2023 Tempora
855 1943 996 2012 discrevit,
1006 1944 1086 2022 jacet
1097 1943 1146 2003 hic
1159 1964 1177 2003 a
1189 1953 1316 2023 tempore
1329 1952 1437 2022 raptus.

701 2056 843 2135 Tempora
855 2055 906 2134 qui
918 2055 1053 2134 sequeris,
1067 2075 1177 2116 memor
1189 2065 1250 2116 esto
1263 2056 1341 2135 quod
1353 2057 1500 2116 morieris:

703 2168 735 2228 Si
747 2169 834 2230 miser
846 2189 885 2238 es,
899 2169 997 2247 plora3
1009 2169 1148 2229 miserans
1160 2187 1213 2247 pro
1225 2187 1282 2237 me,
1295 2186 1403 2246 precor,
1419 2186 1478 2227 ora.

888 2461 955 2535 DE
978 2459 1170 2536 JOANNE
1196 2459 1337 2534 DUNS.

387 2694 563 2768 donnana
592 2691 710 2777 Duus,
744 2703 980 2791 cognomento
1010 2691 1147 2779 Scotus,
1177 2703 1214 2767 et
1243 2692 1382 2767 Dottor
1407 2691 1564 2777 Subtilis,
1591 2692 1726 2768 ordinis
1756 2694 1843 2768 Fra-

387 2835 483 2898 trum
512 2823 703 2911 Minorum,
734 2823 916 2898 Guilielmi
946 2823 1118 2898 Varronis
1149 2824 1328 2924 quondam
1357 2822 1553 2921 discipulus,
1583 2824 1646 2921 qui
1677 2851 1701 2900 a
1729 2826 1846 2927 patria

311 3047 315 3057 ι
386 2957 544 3030 Joaunes
568 2956 671 3030 Duns
700 2956 827 3030 Scotus
852 2954 972 3029 dictus
998 2954 1070 3040 est3
1098 2966 1175 3032 erat
1205 2956 1299 3029 enim
1329 2956 1372 3029 de
1397 2956 1474 3029 vico
1502 2955 1612 3043 Duns,
1638 2959 1722 3032 otto
1746 2957 1844 3032 mille

385 3087 537 3187 pallrbus
565 3088 611 3162 ab
638 3088 769 3186 Anglia
795 3088 953 3163 distante.
1006 3087 1098 3162 Hoc'
1114 3099 1235 3163 autem
1264 3089 1442 3162 affirmant
1468 3113 1541 3162 non
1570 3098 1712 3164 tantum
1738 3090 1845 3189 scrip-

384 3231 481 3296 tores
505 3222 613 3297 nostri
640 3246 772 3308 omnes,
799 3221 859 3296 sed
886 3222 995 3296 etiam
1026 3220 1246 3305 Heracletus,
1274 3219 1451 3294 Antonius
1475 3216 1689 3306 possevinus,
1715 3220 1845 3296 Petrus

385 3355 552 3440 Crinitus,
579 3355 713 3430 Paulus
736 3355 871 3441 dorius,
908 3354 1031 3429 Sixtus
1061 3350 1229 3439 Senenfis,
1257 3351 1467 3436 Antoninus,
1494 3350 1719 3437 Trithemius,
1744 3351 1845 3426 Flor-

383 3487 535 3573 entium,
574 3488 757 3563 Gilbertus
795 3488 1054 3573 Genebrardua
1092 3481 1353 3567 Jamblacenfis,
1393 3482 1598 3557 Franciscus
1631 3485 1676 3558 de
1710 3484 1842 3584 Petigi-

383 3620 470 3706 anis,
503 3619 657 3718 denique
690 3619 1003 3695 Franciscanorum
1036 3630 1073 3694 et
1107 3615 1422 3691 Dominicanornm
1455 3614 1743 3713 chronographi;
1781 3617 1842 3713 qui

384 3775 508 3826 omnes
539 3753 586 3826 ab
618 3751 751 3851 ingenii
779 3752 942 3827 acumine
971 3750 1135 3826 subtilem
1168 3748 1414 3847 pronunciant,
1449 3757 1486 3819 et
1519 3747 1665 3821 Scotum
1697 3747 1842 3825 natione

385 3883 579 3982 divulgant.
645 3885 793 3984 Insuper
828 3885 919 3983 lapis
957 3885 994 3958 in
1032 3881 1210 3958 mausoleo
1247 3879 1345 3953 Secti
1388 3889 1555 3954 exaratus
1593 3878 1726 3954 indicat
1767 3879 1842 3979 ejus

383 4019 559 4116 patriam:
595 4029 615 4060 ‘⁶
628 4017 748 4092 Scotia
776 4041 835 4091 me
864 4016 998 4115 genuit,
1026 4015 1157 4115 Anglia
1182 4041 1240 4090 me
1273 4015 1419 4113 accepit,
1454 4015 1597 4089 Lutetia
1625 4013 1841 4090 Parisrorum

383 4174 441 4223 me
463 4148 593 4236 docuit,
611 4148 761 4224 Colonia
780 4173 839 4222 me
859 4153 988 4223 tenet?
1039 4147 1216 4223 Gesnerus
1236 4148 1343 4223 etiam
1367 4157 1404 4221 et
1419 4144 1535 4221 Jolias
1551 4147 1724 4222 Simlerus
1745 4148 1843 4223 haud

384 4281 490 4356 aliter
518 4281 683 4367 sentiunt,
714 4306 796 4356 cum
829 4281 994 4355 omnibus
1026 4280 1100 4355 fere
1134 4280 1289 4379 antiquis
1322 4279 1508 4354 illustrium
1542 4280 1701 4353 virorum
1735 4279 1842 4380 scrip-

383 4413 553 4500 toribus;
594 4411 730 4488 tametsi
765 4414 928 4488 Cavellus
971 4413 1151 4488 Hibernus
1192 4437 1275 4485 eum
1317 4436 1362 4485 ex
1405 4411 1579 4486 Hibernia
1615 4422 1735 4486 ortum
1770 4408 1841 4490 effe

382 4546 478 4632 velit,
513 4557 550 4620 et
579 4545 755 4620 Lelandus
789 4546 905 4632 etiam,
939 4545 1070 4644 quique
1105 4569 1187 4620 enm
1218 4542 1327 4617 secuti
1359 4542 1440 4617 sunt
1474 4543 1619 4646 Anglici'
1649 4541 1840 4641 scriptores

380 4676 552 4763 nonnulli,
587 4702 632 4751 ex
665 4677 941 4752 Northumbriae
978 4677 1152 4751 comitatu
1188 4675 1379 4751 oriundum
1415 4677 1542 4763 docere
1575 4677 1741 4752 student:
1780 4675 1841 4753 sed

383 4833 490 4908 quam
516 4808 651 4903 frivolis
676 4809 894 4908 argumentis
920 4808 1031 4896 duat,
1057 4809 1145 4885 haec
1171 4811 1403 4889 corroborare
1425 4809 1596 4898 nitantur,
1622 4811 1660 4885 iu
1680 4811 1843 4888 tractatu
