4448 5964
781 586 844 649 DE
880 582 1224 649 SCRIPTORIBUS
1258 582 1425 649 SGOTIS.

790 938 857 1012 DE
882 924 1111 1012 ROBERTO
1136 932 1405 1010 BALFOREO.

381 1174 585 1249 Bonum
627 1172 855 1246 Banrounus
899 1169 1035 1253 Scotus
1079 1192 1124 1241 ex
1167 1165 1246 1240 Fifa
1287 1165 1383 1239 clara
1426 1163 1563 1240 familia
1598 1164 1778 1250 oriundus,
1818 1189 1841 1237 a

381 1304 535 1402 pueritia
566 1304 669 1378 bonis
701 1302 814 1376 literis
847 1302 885 1374 in
918 1323 1003 1373 rure
1036 1297 1146 1373 natali
1185 1295 1385 1380 innocus,
1426 1294 1698 1370 adolescentiam
1732 1295 1840 1370 etiam

381 1435 525 1533 optimis
561 1433 751 1533 disciplinis
783 1433 822 1505 in
855 1431 1048 1506 Academia
1081 1427 1385 1525 Andronpolitana
1418 1427 1583 1513 excoluit,
1617 1437 1720 1501 tanta
1759 1452 1839 1501 cum

382 1566 567 1664 diligentia
593 1565 753 1639 animum
782 1564 968 1638 literarum
998 1560 1120 1637 studiis
1147 1559 1327 1658 applicuit,
1357 1569 1530 1658 tantoque
1564 1559 1687 1633 fructu
1721 1559 1841 1632 omnia

380 1697 578 1794 perdidicit,
611 1706 652 1772 ut
681 1695 783 1771 inlita
816 1693 886 1770 effe
917 1718 1127 1794 magnarum
1161 1691 1335 1765 virtutum
1368 1690 1501 1766 semina
1534 1690 1617 1766 satis
1651 1689 1840 1764 manisestis

381 1828 520 1903 indiciis
551 1829 759 1914 ostenderet,
792 1828 986 1903 maximam
1019 1826 1129 1902 etiam
1161 1823 1258 1921 spem
1292 1823 1338 1896 de
1371 1849 1414 1897 eo
1451 1823 1555 1922 ipsius
1593 1834 1841 1922 praeceptores

382 1960 617 2058 conciperent.
692 1959 843 2034 Juvenis
878 1959 990 2033 felicis
1028 1954 1172 2057 ingenii,
1205 1954 1305 2030 solidi
1338 1954 1474 2054 judicii,
1517 1957 1660 2031 fluentis
1700 1955 1840 2054 eloquii,

385 2091 512 2192 poesrn,
546 2091 770 2178 rhetoricam,
805 2114 1018 2190 omnemque
1052 2090 1239 2165 cultiorem
1273 2086 1496 2164 literaturam
1532 2100 1696 2164 accurate
1730 2087 1842 2187 spatio

384 2249 579 2324 paucorum
612 2249 787 2299 annorum
821 2223 953 2299 calluit.
1009 2225 1053 2296 ln
1085 2223 1213 2297 aetatis
1246 2223 1334 2297 flore
1368 2222 1585 2310 constitutur,
1621 2234 1657 2298 et
1691 2216 1843 2297 honestis

387 2357 576 2457 disciplinis
615 2382 686 2431 non
723 2333 950 2432 mediocriter
988 2355 1188 2439 instructus,
1233 2354 1379 2429 hortatu
1412 2366 1602 2453 parentum
1637 2356 1675 2429 in
1710 2350 1844 2430 Gallias

388 2490 423 2566 se
452 2490 630 2576 contulit3
664 2489 714 2564 ibi
747 2491 784 2562 in
814 2488 1008 2563 Academia
1040 2483 1222 2562 Parilienfi
1251 2486 1297 2558 ad
1325 2494 1467 2584 tempus
1502 2486 1661 2573 substitit,
1688 2487 1844 2585 publice·

390 2649 458 2721 que
490 2623 607 2697 theses
634 2620 892 2720 philosophicas
924 2618 1116 2719 proposuit,
1145 2640 1344 2715 magnaque
1372 2642 1453 2691 cum
1480 2618 1585 2692 laude
1615 2619 1694 2692 illas
1720 2629 1845 2693 contra
1903 2635 1913 2657 ⁴

314 2796 322 2813 ·
388 2779 513 2829 omnes
549 2763 794 2852 oppugnantes
827 2752 996 2827 sustinuit.
1064 2748 1202 2823 Deinde
1238 2749 1476 2847 Burdegalam
1510 2751 1555 2822 ab
1590 2749 1742 2847 ejusdem
1776 2749 1844 2822 loci

390 2881 551 2982 episcopo
575 2892 731 2968 vocatus,
762 2881 823 2954 ubi
850 2880 957 2954 variis
985 2879 1188 2954 honorificis
1219 2881 1425 2955 muneribus
1455 2882 1604 2956 affectus
1632 2881 1689 2966 est,
1715 2905 1851 2977 magno.

392 3014 500 3088 etiam
532 3011 673 3087 senatus
701 3011 879 3109 totiusque
908 3010 1109 3084 academiae
1138 3010 1307 3108 applausu
1337 3012 1383 3085 ad
1411 3013 1631 3086 rectoratum
1666 3011 1714 3085 est
1747 3035 1846 3082 evec-

392 3154 469 3218 tus:
500 3143 538 3216 in
561 3167 603 3217 eo
628 3167 776 3244 munere
800 3166 865 3239 per
894 3142 1026 3215 multos
1053 3166 1173 3230 annos,
1205 3144 1392 3218 docorum
1419 3155 1456 3219 et
1483 3145 1659 3220 clarorum
1689 3145 1846 3217 virorum

272 3350 276 3357 .
392 3275 542 3361 monitu,
572 3273 723 3372 logicam
753 3272 902 3370 suscepit
929 3274 1156 3348 tractandam
1189 3286 1226 3350 et
1260 3276 1513 3374 explicandam.
1582 3274 1763 3351 Successus
1788 3276 1846 3348 hic

395 3408 531 3505 primus
564 3406 616 3479 illi
654 3406 805 3480 feliciter
837 3405 974 3492 cecidit,
1013 3405 1279 3504 multorumque
1317 3408 1437 3482 oculos
1474 3409 1511 3482 in
1548 3408 1583 3482 se
1617 3409 1750 3492 allexit,
1786 3408 1847 3505 qui

394 3541 616 3613 mirabantur
644 3547 783 3612 tantam
811 3536 849 3609 in
876 3561 918 3610 eo
947 3535 1249 3634 perspicacitatem
1277 3546 1314 3609 et
1343 3536 1475 3636 ingenii
1502 3563 1661 3613 acumen.
1722 3539 1847 3613 Postea

396 3693 578 3745 unacum
607 3668 836 3767 philosophia,
869 3668 1138 3742 mathematicas
1167 3669 1275 3743 etiam
1305 3668 1466 3744 scientias
1498 3696 1570 3745 11011
1603 3672 1732 3745 minori
1765 3696 1846 3746 cum

395 3800 499 3875 laude
533 3810 569 3874 et
602 3799 856 3897 approbatione
889 3799 1029 3897 publice
1061 3796 1232 3897 professus
1263 3799 1320 3872 est.
1397 3800 1490 3873 Hinc
1530 3801 1624 3875 illius
1656 3802 1750 3876 sama
1783 3827 1847 3900 per

398 3956 521 4005 omnes
549 3930 746 4006 academias
774 3923 890 4028 sparsa
918 3930 1029 4005 totius
1054 3930 1228 4027 Europae,
1254 3929 1314 4003 sed
1339 3931 1433 4005 inter
1462 3933 1584 4007 Gallos
1608 3934 1664 4007 vel
1692 3934 1847 4010 maxime

397 4089 528 4139 nomen
561 4063 699 4138 celebre
725 4064 802 4159 jam
836 4073 914 4136 erat
946 4063 1104 4160 adeptus.
1155 4059 1221 4133 Vir
1251 4071 1287 4134 et
1320 4062 1497 4137 rhetorico
1530 4063 1676 4161 liquore,
1710 4068 1849 4163 poetica

398 4195 579 4281 varietate,
616 4193 729 4268 totius
758 4192 998 4291 philosophiae
1035 4189 1278 4266 micantiffimo
1314 4191 1498 4289 splendore
1538 4197 1723 4292 expolitus,
1764 4224 1848 4297 geo-
1946 4234 1956 4250 ·

399 4336 514 4399 metra
546 4323 698 4422 insignia,
733 4348 840 4421 quem
873 4324 1017 4421 quidem
1050 4324 1096 4398 ad
1129 4321 1248 4396 divina
1279 4322 1398 4421 potius
1432 4326 1696 4425 pervestiganda
1727 4355 1848 4406 rerum

399 4455 541 4542 secreta,
569 4456 774 4552 entiumque
800 4453 958 4528 omnium
987 4454 1174 4529 latentium
1204 4452 1364 4530 essentiae
1393 4468 1521 4531 natura
1548 4459 1749 4555 produxisse
1774 4488 1849 4539 cre-

398 4585 505 4672 ditur,
536 4612 643 4684 quam
669 4597 711 4660 ut
738 4586 881 4659 mortali
914 4609 1060 4683 corpore
1089 4587 1306 4684 interceptus
1333 4587 1525 4681 humanam
1554 4588 1663 4664 vitam
1693 4593 1847 4670 duceret.

403 4717 537 4791 Verum
559 4718 627 4792 hoc
653 4741 763 4790 unum
788 4717 826 4789 in
851 4741 894 4789 eo
911 4715 1122 4804 deflendum,
1147 4719 1242 4815 quod
1263 4719 1443 4816 religionis
1466 4721 1667 4818 pontificiae
1690 4725 1850 4803 strenuus

402 4848 530 4936 fautor,
548 4859 585 4924 et
611 4849 760 4948 diligens
781 4847 944 4934 sectator,
969 4847 1007 4922 in
1029 4873 1153 4925 eorum
1173 4849 1333 4948 ineptias,
1355 4851 1455 4940 ritrrs,
1477 4854 1715 4931 caeremonias
1734 4857 1851 4958 snper.

1686 4974 1706 5028 s
