4448 5964
786 499 851 565 ΒΕ
890 499 1234 568 SCRIPTORIBUS
1271 501 1440 570 SCOTIS.

535 685 673 763 Placita
688 686 910 788 Theologim,

535 818 802 920 Disputationes
818 821 1043 908 Serbonicae‚

535 951 735 1029 Deeifionee
752 952 1028 1042 Sententiarum,
1045 965 1083 1030 et

533 1085 689 1162 Historia
720 1085 866 1187 Majorie
904 1086 1121 1173 Britanniae,
1154 1089 1381 1188 praeeipuam
1410 1089 1506 1187 apud
1535 1088 1661 1166 coetos
1700 1091 1842 1169 laudem

582 1229 776 1295 merentur.

385 1351 540 1451 Reliqua
571 1349 679 1426 tulius
711 1377 734 1429 a
776 1352 879 1429 nobis
911 1353 996 1429 alibi
1030 1353 1111 1428 sunt
1143 1352 1307 1452 repetita
1367 1352 1505 1428 Olaruit
1544 1378 1639 1431 anno
1681 1355 1841 1434 incarna-

380 1481 489 1559 tionis
505 1481 713 1559 Dominieae
732 1484 840 1572 1525,
857 1496 1036 1585 regnante
1053 1484 1091 1560 in
1109 1483 1230 1561 Seotie
1244 1484 1381 1560 Jacobo
1398 1484 1546 1574 Quinto.

799 1778 867 1856 DE
892 1779 1120 1857 HECTORE
1145 1781 1369 1858 BOETHIO.

382 2012 542 2090 aaaron
566 2012 766 2090 Bemmus
790 2013 1029 2102 Deidonanue,
1055 2036 1186 2113 genere
1220 2012 1358 2101 Seotna,
1383 2037 1426 2089 ac
1451 2013 1708 2090 Aberdonenfia
1732 2016 1841 2116 Gym-

381 2144 466 2223 nafii
489 2144 628 2246 primus
655 2145 792 2235 dostor,
826 2171 849 2221 a
874 2144 991 2244 prima
1016 2145 1133 2222 statim
1163 2143 1398 2221 adolescentia
1421 2144 1461 2220 in
1483 2170 1568 2221 rure
1594 2146 1705 2223 natali
1729 2147 1842 2225 literis

381 2278 533 2355 feliciter
563 2276 733 2366 initiatus,
764 2277 986 2377 posnncdum
1010 2276 1185 2353 maturior
1210 2277 1329 2354 aeus
1353 2277 1527 2376 ampliora
1551 2277 1705 2355 discendi
1729 2281 1842 2358 studio

382 2422 524 2489 exterra
561 2410 724 2511 regiones
756 2408 870 2510 petiit.
920 2410 964 2483 In
993 2409 1147 2486 Galliam
1180 2408 1299 2508 igitur,
1333 2417 1375 2483 ut
1404 2409 1513 2485 moria
1540 2411 1598 2498 est,
1626 2412 1779 2514 impiger
1806 2414 1841 2488 se

381 2544 543 2632 contulit,
575 2543 680 2619 etin
710 2540 891 2618 Parifienfi
920 2542 1114 2618 Academia
1138 2566 1262 2618 omnes
1289 2541 1425 2643 pariter
1452 2554 1548 2620 artes
1577 2557 1615 2620 et
1644 2546 1842 2647 disciplinas

381 2673 575 2753 avidiffime
607 2674 760 2762 imbibit,
785 2700 916 2774 magno
951 2674 1047 2749 enim
1080 2673 1202 2750 labore
1235 2684 1273 2749 et
1308 2675 1486 2752 continuis
1519 2676 1639 2754 studiis
1672 2679 1709 2753 in
1744 2682 1841 2755 omni

381 2810 455 2886 fere
489 2809 674 2885 doerfinae
706 2831 838 2908 genere
871 2808 988 2883 clarus
1021 2807 1175 2882 emicuit.
1226 2807 1316 2884 Erat
1349 2808 1388 2884 in
1421 2809 1518 2884 omni
1551 2810 1772 2912 philosophia
1803 2824 1841 2888 et

382 2940 563 3042 theologia
591 2939 794 3016 scholastica
822 2939 983 3040 apprime
1017 2938 1203 3015 eruditus:
1242 2951 1390 3039 propter
1413 2942 1687 3020 reconditiorem
1719 2969 1841 3021 rerum

385 3073 586 3151 divinarum
619 3074 830 3160 doetrinam
864 3071 1066 3172 theologiae
1099 3071 1223 3170 primia
1255 3070 1451 3171 insignibus
1482 3074 1612 3150 merito
1644 3076 1839 3164 decoratur,

381 3233 422 3286 ac
450 3205 626 3307 politioris
654 3206 872 3292 literaturae,
896 3204 1186 3304 reliquarumque
1211 3204 1437 3283 scientiarum
1466 3207 1635 3295 omnium,
1667 3235 1758 3308 quae
1787 3211 1841 3286 in·

381 3364 499 3441 genno
519 3338 664 3415 homine
691 3338 819 3438 dignae
846 3336 1043 3424 censentur,
1069 3337 1121 3412 ita
1145 3337 1312 3426 imbutam,
1335 3350 1377 3414 ut
1401 3339 1578 3439 principes
1605 3339 1687 3416 suae
1713 3344 1840 3418 aetatis

381 3475 477 3550 viros
509 3471 567 3547 vel
600 3471 735 3559 vicerit,
764 3470 822 3546 vel
855 3469 957 3545 facilc
990 3467 1135 3566 quidem
1164 3471 1382 3569 adaequarit.
1433 3471 1477 3544 In
1506 3472 1631 3547 eadem
1660 3473 1842 3549 academia

382 3605 505 3684 multis
521 3603 624 3681 annia
644 3603 786 3703 publice
806 3603 1044 3703 privatimque
1061 3601 1203 3677 docuit:
1220 3604 1315 3678 inter
1331 3602 1544 3678 Serbonioea
1568 3603 1733 3680 dottorea
1757 3627 1840 3681 cum

381 3737 548 3839 singulari
582 3735 688 3812 laude
721 3735 921 3822 industriae,
964 3744 1002 3810 et
1035 3733 1255 3834 prudentiae,
1289 3744 1398 3834 atque
1431 3734 1656 3833 eloquentiae
1684 3737 1839 3826 clamit;

381 3894 498 3969 neque
526 3867 638 3944 solum
668 3867 800 3944 artium
834 3867 1036 3944 liberalium
1065 3864 1277 3966 cognitione,
1306 3861 1411 3964 snpra
1443 3890 1551 3965 quam
1584 3867 1646 3944 illa
1678 3869 1841 3946 serebant

380 4011 554 4101 tempora,
576 3999 727 4101 insignia,
755 3999 814 4077 sed
840 3999 1063 4076 humanitate
1090 4008 1127 4074 et
1154 3999 1322 4074 comitate
1348 3995 1513 4099 singulari
1542 4001 1724 4099 praeditus
1752 4014 1839 4079 erat.

381 4132 474 4211 cum
515 4132 580 4209 iilo
621 4131 834 4210 Parisiorum
876 4130 1039 4209 Lutetiae
1080 4156 1153 4206 non
1194 4130 1423 4229 injucundam
1463 4130 1499 4207 se
1552 4132 1840 4212 consuetudinem

380 4263 538 4342 babuisse
583 4264 719 4342 satetm
759 4262 960 4341 Desideriue
1002 4262 1168 4340 Erasmus
1208 4262 1472 4338 Roterodamue
1505 4263 1544 4338 in
1577 4264 1723 4364 epistola
1755 4290 1841 4366 qua·

381 4396 475 4485 dam,
510 4421 621 4498 quum
650 4396 723 4474 illic
755 4397 794 4472 in
822 4397 1008 4473 literarum
1033 4394 1144 4472 stadio
1169 4416 1263 4470 anno
1289 4403 1413 4493 pertua
1438 4394 1589 4496 virginei
1626 4395 1722 4474 1497
1748 4400 1842 4498 pari·

381 4538 440 4605 ter
480 4539 675 4617 currerent,
708 4529 990 4630 singularemque
1031 4527 1070 4602 in
1111 4552 1155 4603 co
1196 4525 1330 4627 ingenii
1362 4526 1571 4604 felicitatem
1604 4527 1771 4628 agnoscit,
1804 4541 1842 4607 et

381 4660 585 4738 mundium
611 4662 683 4738 oria
715 4661 951 4739 commendat.
1010 4659 1115 4736 Unde
1148 4661 1195 4736 ad
1226 4659 1329 4735 illum
1361 4658 1528 4737 Erafflue
1561 4660 1680 4759 postea
1711 4660 1843 4764 scripsit

382 4794 597 4893 postremum
637 4794 781 4872 suarum
822 4792 1109 4872 lucubrationum
1142 4791 1363 4895 Catalogum,
1396 4801 1439 4870 ut
1473 4792 1520 4870 ad
1552 4803 1733 4872 recentem
1769 4794 1842 4895 ipse
