4448 5964
872 563 939 631 Du
972 560 1320 633 SCRIPTORIBUS
1356 560 1527 628 SCOTIS.
1880 565 1945 646 127

471 761 538 834 bus
576 767 685 840 ortus,
716 764 753 828 ct
782 752 915 827 ibidem
946 753 993 826 ad
1014 752 1243 850 juventutem
1271 748 1310 823 in
1339 747 1442 824 bonis
1473 745 1587 822 literis
1618 756 1655 823 et
1681 747 1750 846 piis
1778 748 1937 826 moribus

473 889 614 989 egregie
641 886 829 961 institutus.
879 884 1005 959 Postea
1030 892 1178 982 propter
1205 859 1373 980 magnam
1405 878 1540 979 ingenii
1568 878 1664 978 spem
1694 881 1936 981 Andreapolin

473 1023 518 1097 ad
543 1020 671 1097 altiora
695 1017 808 1093 studia
831 1014 961 1103 miffus,
987 1016 1082 1091 inter
1106 1016 1186 1089 suos
1211 1011 1306 1111 quali
1334 1011 1517 1109 supremus
1541 1009 1706 1099 emersit3
1732 1014 1785 1088 ita
1808 1013 1936 1089 charis-

472 1164 571 1227 mata
592 1151 741 1226 meliora
766 1149 975 1234 aemulatus
1002 1157 1045 1221 ut
1074 1145 1333 1222 commilitones
1360 1144 1441 1220 suos
1469 1168 1591 1219 omnes
1618 1145 1768 1220 haberet
1792 1146 1936 1244 quidem

471 1295 657 1369 amatores,
684 1306 845 1357 necnon
870 1290 908 1354 et
932 1280 1175 1364 admiratores,
1201 1275 1427 1373 superiorem,
1452 1276 1646 1352 autetiam
1669 1301 1803 1375 parem,
1829 1279 1934 1376 plane

474 1414 662 1489 neminem.
722 1413 771 1486 Et
799 1411 955 1508 primum
978 1408 1235 1509 philosophicis,
1262 1406 1390 1481 deinde
1412 1407 1629 1505 theologicis,
1658 1418 1734 1482 tam
1759 1408 1935 1485 strenuam

473 1543 616 1618 navavit
645 1567 800 1640 operam,
832 1541 937 1615 etin
969 1538 1125 1637 utrisque
1160 1548 1235 1614 tam
1269 1537 1438 1637 insignem
1470 1537 1653 1636 acquisivit
1685 1539 1932 1639 cognitionem,
2053 1602 2059 1615 .

473 1687 514 1750 ut
541 1700 605 1772 per
628 1676 760 1772 gradus
782 1671 956 1771 paulatim
980 1669 1180 1755 ascendens,
1211 1672 1357 1746 tandem
1383 1671 1575 1770 theologici
1599 1671 1787 1770 magisterii
1817 1673 1933 1772 supre-

474 1832 570 1883 mam
597 1807 746 1905 adeptus
775 1804 885 1879 suerit
913 1803 1082 1888 lauream,
1112 1802 1302 1899 omnesque
1329 1803 1463 1877 literati
1492 1803 1559 1876 viri
1587 1802 1714 1879 titulos
1740 1802 1870 1878 merito
1898 1805 1933 1879 ei

475 1935 684 2011 solennitate
718 1935 872 2033 quadam
905 1933 1053 2008 oblatos.
1121 1932 1211 2008 Erat
1238 1934 1408 2032 liquidem
1441 1933 1583 2033 ingenio
1614 1945 1692 2010 tam
1719 1935 1824 2022 felici,
1855 1945 1932 2012 tam

475 2068 591 2144 tenaci
618 2067 799 2153 memoria,
829 2076 871 2140 ut
897 2089 1109 2164 quocunque
1137 2065 1174 2140 se
1203 2066 1305 2142 duret
1330 2067 1382 2158 (et
1409 2066 1539 2164 quibus
1564 2065 1754 2164 disciplinis
1780 2066 1933 2143 honestis

475 2199 511 2275 se
540 2225 613 2274 non
641 2200 740 2274 dedit
754 2201 783 2297 l)
817 2197 937 2273 omnia
966 2196 1167 2294 perciperet
1197 2207 1234 2272 et
1267 2196 1592 2294 comprehenderet,
1621 2197 1695 2272 imo
1723 2199 1762 2271 in
1791 2196 1933 2296 fingulis

475 2329 564 2406 adeo
593 2330 793 2416 excelleret,
824 2340 865 2402 ut
893 2326 1108 2403 dodtiffimos
1133 2327 1288 2426 quosque
1315 2328 1353 2400 in
1378 2328 1536 2426 qualibet
1565 2328 1698 2404 artium
1724 2326 1931 2429 professione

474 2472 654 2559 aequaret.
722 2460 787 2533 Vir
824 2483 907 2533 vere
943 2458 1120 2555 pacificus,
1161 2458 1291 2557 quippe
1328 2458 1390 2556 qui
1424 2470 1461 2533 et
1494 2483 1576 2533 cum
1609 2461 1773 2537 omnibus
1806 2486 1932 2560 pacem

473 2593 604 2667 habere
626 2591 778 2677 studuit;
805 2589 843 2663 in
866 2588 909 2663 iis
932 2613 1024 2687 quae
1050 2589 1174 2662 mundi
1198 2588 1279 2664 sunt
1304 2589 1396 2665 mire
1421 2589 1569 2687 simplex
1594 2601 1631 2666 et
1656 2591 1833 2679 innocens,
1857 2594 1931 2693 pie·

471 2734 557 2809 tate,
592 2724 687 2798 vitae
720 2721 962 2808 sandlimonia,
996 2721 1229 2806 humanitate,
1263 2721 1484 2820 benignitate
1515 2746 1601 2822 erga
1628 2746 1759 2811 omnes,
1790 2749 1832 2799 ac
1865 2724 1931 2798 im·

473 2855 597 2955 primis
630 2854 917 2954 incomparabilis
945 2853 1133 2928 modestiae
1162 2852 1335 2950 exemplo,
1365 2877 1438 2926 non
1470 2852 1578 2928 modo
1612 2854 1770 2939 caeteris,
1804 2878 1930 2930 verum

473 2986 581 3060 etiam
615 2985 724 3083 seipso
756 2985 925 3082 superior,
959 2984 1102 3082 ingenio
1141 2982 1288 3071 subtilis,
1314 2984 1450 3082 judicio
1483 2984 1623 3071 solidus,
1657 2984 1799 3082 eloquio
1832 2985 1930 3062 scho-

474 3117 620 3192 lasticus.
681 3114 832 3192 Accellit
865 3117 911 3190 ad
943 3117 1009 3190 has
1043 3127 1191 3191 naturae
1221 3116 1322 3189 dotes
1356 3115 1535 3202 industria,
1568 3127 1605 3189 et
1638 3115 1811 3191 alliduum
1837 3143 1928 3215 pene

473 3273 537 3346 per
563 3259 678 3323 totam
709 3248 820 3323 vitam
854 3248 988 3346 ingenii
1020 3247 1283 3345 memoriaeque
1318 3247 1537 3334 exercitium,
1568 3259 1605 3322 et
1639 3273 1712 3324 non
1740 3249 1928 3347 indiligens

473 3380 639 3465 cultura3
677 3388 719 3455 ut
757 3379 821 3454 suo
859 3377 976 3452 seculo
1016 3377 1077 3450 vix
1117 3377 1282 3474 cuiquam
1323 3380 1496 3455 secundus
1536 3381 1680 3455 habitus
1720 3380 1771 3456 lit.
1839 3383 1927 3457 Erat

472 3510 650 3587 sacrarum
687 3511 873 3586 literarum
915 3509 1111 3607 explicator
1151 3507 1390 3583 solertillimus
1426 3520 1463 3588 et
1500 3508 1723 3596 fidelillimus,
1767 3511 1928 3588 veritatis

471 3643 627 3718 caelestis
648 3652 819 3741 patronus
841 3641 1015 3739 imprimis
1043 3640 1212 3724 strenuus,
1238 3639 1454 3742 optimarum
1480 3640 1742 3739 disciplinarum
1766 3667 1849 3718 cum
1872 3644 1926 3719 in·

472 3774 645 3850 staurator
672 3786 752 3849 tum
784 3756 1018 3848 conservator.
1082 3770 1206 3846 Poelin
1238 3771 1402 3847 accurate
1436 3771 1569 3869 calluit,
1603 3773 1819 3849 rhetoricam
1851 3799 1926 3851 om-

471 3930 624 4004 nemque
664 3905 866 4004 politiorem
908 3904 1119 3990 dostrinam,
1159 3927 1282 3978 omnes
1321 3914 1418 3979 artes
1459 3904 1632 3992 liberales,
1675 3904 1841 4005 physicen
1888 3918 1925 3983 et

380 4098 393 4125 .
471 4037 651 4124 mathesin,
675 4064 748 4112 non
768 4064 791 4112 a
813 4037 936 4111 rivulis
961 4036 1118 4121 sordidis
1141 4033 1201 4109 sed
1223 4061 1269 4109 ex
1294 4035 1483 4134 purillimis
1503 4037 1670 4124 fontibus,
1695 4039 1764 4112 hoc
1788 4039 1846 4126 est,
1879 4063 1925 4114 ex

472 4169 617 4245 Graecis
646 4180 682 4243 et
718 4168 853 4243 Latinis
890 4166 1096 4242 ausoribus
1137 4166 1270 4264 primis,
1311 4167 1447 4242 haufit:
1481 4169 1699 4242 astronomus
1731 4171 1836 4270 longe
1862 4197 1924 4245 no-

470 4297 618 4375 tillimus
661 4311 698 4374 et
742 4296 956 4385 clariffimus,
1003 4297 1248 4374 arithmeticus
1291 4310 1328 4373 et
1366 4310 1550 4398 geometra
1595 4300 1745 4400 insignis,
1790 4313 1832 4378 ut
1878 4328 1924 4377 ex

469 4431 606 4529 scriptis
657 4431 779 4530 liquet.
850 4431 1005 4506 Graecas
1043 4440 1080 4503 et
1122 4429 1303 4505 Hebraeas
1343 4431 1465 4506 literas
1506 4433 1665 4531 apprime
1707 4436 1838 4522 calluit,
1885 4436 1923 4509 in

463 4562 751 4661 jurisprudentia,
779 4562 1076 4662 quemadmodum
1107 4572 1143 4635 et
1176 4562 1215 4636 in
1247 4562 1435 4661 theologia,
1468 4564 1723 4661 praeeminuit3
1761 4567 1855 4641 unde
1885 4566 1923 4641 in

443 4694 633 4793 ‘suprema
661 4697 760 4772 curia
789 4696 850 4770 diu
877 4693 1047 4770 senatoris
1071 4718 1201 4768 munus
1225 4693 1356 4770 obibat.
1409 4696 1465 4770 Ob
1498 4694 1707 4794 singularem
1735 4697 1916 4797 pietatem,

468 4826 678 4916 dot’crinam,
711 4827 1017 4926 prudentiamque,
1047 4850 1115 4924 per
1149 4824 1402 4913 Cathaneliam,
1432 4827 1610 4904 Orcadum
1643 4839 1681 4905 et
1713 4830 1917 4908 Zetlandiae
