4448 5964
438 512 482 582 36
846 509 912 581 Du
943 510 1288 579 SCRIPTORIBUS
1321 509 1491 577 scotus

585 696 836 774 Meditationes
852 699 889 774 in
906 698 1095 774 Davidicos
1111 697 1282 796 Hymnos,
1299 696 1368 773 sivo
1384 697 1551 785 Psalmos,
1566 698 1627 774 lib.
1646 720 1671 773 1.

587 831 644 904 Ex
661 830 856 905 Sententiis
871 830 1086 906 Sanctorum
1102 829 1162 904 lib.
1179 850 1205 903 1.

586 962 822 1062 Epistolarum
838 963 898 1037 lib.
917 984 942 1036 1.
959 962 1005 1037 ad
1021 962 1216 1037 Monachos
1231 960 1283 1035 sui
1300 960 1442 1035 ordinis

438 1095 487 1169 Et
517 1094 589 1169 alia
625 1094 780 1193 plurima
812 1119 903 1192 quac
944 1093 1073 1193 injuria
1105 1093 1276 1190 temporis
1311 1091 1505 1190 perierunt.
1572 1092 1705 1169 Planus
1744 1093 1894 1169 tandem

438 1227 586 1313 dierum,
613 1236 650 1301 et
675 1228 850 1301 bonomm
875 1251 1024 1324 operum
1045 1225 1152 1311 dives,
1182 1225 1228 1300 ad
1254 1224 1450 1300 Candidum
1473 1223 1608 1313 Casum
1633 1225 1671 1300 in
1694 1226 1832 1326 templo
1855 1226 1895 1303 oi

438 1358 564 1444 dicato,
593 1358 704 1432 vitam
732 1382 815 1432 cum
843 1368 959 1433 morte
986 1357 1227 1444 commutavit,
1259 1361 1307 1432 16
1331 1356 1475 1432 Calend
1505 1356 1682 1443 Ostobris,
1709 1382 1805 1435 anno
1835 1382 1896 1435 re-

437 1501 583 1588 paratae
611 1490 733 1566 salutis
761 1495 845 1578 432,
875 1491 939 1565 sub
968 1487 1138 1589 Fergufio
1167 1489 1340 1565 Secundo.
1406 1488 1494 1587 Ejus
1521 1488 1633 1565 vitam
1665 1487 1798 1589 scripsit
1830 1488 1897 1565 Al-

439 1624 568 1698 dredus
583 1624 692 1700 abbas
709 1622 912 1699 Rivalenfis.

894 1919 961 1993 DE
996 1917 1169 1994 COELIO
1207 1915 1425 1992 SEDULIO.

438 2146 628 2223 Sanmws
650 2147 773 2233 senior,
799 2148 856 2222 vel
881 2147 1023 2223 Coelius
1047 2148 1220 2234 Sedulius,
1243 2147 1432 2247 presbyter,
1459 2149 1603 2224 natione
1629 2149 1779 2239 Scotus;
1804 2151 1891 2227 Sco-

436 2278 595 2376 h'genam
620 2279 729 2353 etiam
754 2277 826 2378 ipsc
852 2278 887 2353 se
910 2279 1070 2353 nominat
1095 2279 1197 2355 initio
1224 2281 1403 2379 cujusdam
1426 2283 1589 2383 epistolae
1614 2285 1660 2359 ad
1685 2283 1765 2361 suos
1789 2285 1891 2361 audi·

437 2419 558 2484 cora:
599 2410 813 2509 Sigebertua
857 2411 1103 2497 semmua
1136 2423 1174 2486 a
1209 2410 1465 2488 malesanae
1500 2413 1674 2489 uuonan
1707 2416 1809 2489 cent.
1844 2414 1888 2488 v.
1963 2388 1968 2393 ’
2121 2496 2129 2513 ,

438 2541 613 2617 Henricus
635 2543 679 2616 de
701 2543 875 2629 Erfordia
901 2543 1124 2628 Trithemius,
1148 2544 1318 2632 Ledaeus,
1336 2544 1476 2630 Baleua
1498 2544 1656 2621 Golafius
1672 2548 1781 2645 Papa,
1804 2546 1892 2623 Bos·

437 2684 542 2750 tonus
565 2675 750 2762 Buriensis
768 2677 939 2762 Paterius,
964 2676 1157 2775 Remigius,
1179 2688 1246 2753 etc.
1289 2678 1325 2753 Is
1346 2677 1594 2775 aparentibus
1612 2677 1651 2753 in
1672 2677 1771 2753 omni
1788 2678 1890 2755 liter-

436 2830 540 2882 arum
557 2817 603 2883 et
624 2808 798 2882 vimutum
824 2808 938 2883 studio
961 2833 985 2882 a
1009 2810 1142 2884 teneris
1166 2810 1305 2908 [annis]
1333 2808 1512 2894 educatus,
1539 2809 1655 2908 prima
1678 2809 1890 2887 cruditionis

436 2938 667 3014 fundamenta
696 2939 759 3013 sub
785 2939 1005 3026 Hildeberto,
1028 2938 1227 3018 doctiffimo
1250 2941 1438 3015 Scotorum
1465 2939 1735 3039 archiepiscopo,
1759 2940 1888 3039 posuit,

437 3072 494 3145 cui
513 3074 560 3146 ab
577 3071 722 3146 ineunte
745 3081 862 3146 aetate
883 3095 955 3146 non
975 3071 1202 3171 indiligenter
1223 3071 1413 3172 discipulus
1431 3071 1667 3149 adhaerebat:
1693 3099 1766 3172 quo
1784 3097 1891 3173 prae-

436 3213 579 3302 ceptore
608 3204 753 3278 tandem
781 3203 961 3289 defuneto,
997 3202 1212 3302 Hispaniam,
1246 3203 1409 3289 Galbam,
1438 3202 1589 3291 Italiam,
1622 3204 1819 3294 Graeciam,
1847 3216 1890 3283 et

438 3334 564 3423 Afiam,
590 3335 726 3434 majora
750 3333 903 3409 discendi
929 3332 1097 3410 desiderio
1120 3336 1332 3435 peragravit.
1383 3335 1564 3411 Postremo
1588 3337 1665 3435 post
1689 3338 1890 3437 publicatas

437 3467 475 3542 in
496 3468 633 3544 Achaia
653 3467 807 3568 regione,
833 3492 905 3543 non
929 3467 1000 3543 fine
1025 3468 1220 3542 multomm
1245 3466 1495 3554 emolumento,
1516 3468 1672 3545 lasum
1696 3468 1888 3569 elegantes,

437 3600 589 3675 Romam
617 3601 733 3676 adhuc
758 3600 877 3675 rursus
905 3601 1160 3686 revertebatur,
1190 3609 1228 3674 et
1255 3600 1371 3673 multo
1398 3596 1524 3673 sudore
1551 3610 1776 3697 comparatos
1803 3603 1890 3679 doo-

436 3731 551 3807 trinae
577 3730 760 3807 thesauros
788 3732 943 3807 ubertim
971 3755 1014 3805 ac
1039 3730 1225 3829 magnifice
1254 3731 1326 3807 illic
1355 3756 1497 3830 quoque
1523 3731 1725 3820 distribuit,
1758 3732 1815 3808 vir
1846 3734 1889 3809 in

436 3864 564 3939 divinis
596 3863 777 3961 scripturis
816 3863 1039 3948 exercitatus,
1078 3873 1116 3938 et
1154 3862 1192 3936 in
1224 3863 1437 3939 secularibus
1471 3862 1584 3938 literis
1625 3862 1887 3953 eruditissimus,

436 3995 530 4069 unde
554 3995 738 4071 recondita
762 3993 960 4069 eruditione
988 3993 1155 4080 imbutus,
1181 3993 1363 4071 ecclefiam
1387 3996 1506 4094 postea
1533 3997 1724 4096 praeclaris
1751 3997 1887 4097 ingenii

435 4125 488 4202 sui
516 4126 765 4213 monumentis,
793 4137 874 4200 tum
902 4125 1045 4201 astrista
1072 4136 1151 4199 tum
1174 4126 1289 4202 soluta
1317 4126 1477 4203 oratione
1504 4127 1650 4228 scriptis,
1676 4128 1887 4217 illustrarim

436 4256 588 4357 eousque
618 4267 660 4334 ut
693 4258 731 4333 in
772 4257 935 4333 Decretis
968 4257 1041 4331 diu
1077 4261 1134 4332 15.
1171 4258 1329 4335 Gelahus
1356 4258 1518 4357 pontifex
1550 4260 1790 4337 venerabilem
1822 4262 1889 4339 se·

435 4388 573 4463 dulium
602 4389 790 4475 vocaverit,
820 4388 963 4488 ejusque
992 4412 1064 4463 non
1090 4388 1260 4464 mediocri
1288 4390 1393 4464 laude
1421 4390 1723 4466 commendaverit
1747 4390 1888 4492 scripta,

435 4519 588 4618 Ipsemet
608 4521 653 4594 de
672 4519 707 4594 se
729 4518 848 4596 scribit
870 4521 916 4595 ad
939 4519 1197 4606 Macedonium,
1219 4520 1406 4618 impatiens
1430 4521 1493 4597 fibi
1514 4520 1695 4622 contigiffs
1719 4524 1891 4600 divinitus

435 4652 627 4752 ingenium.
678 4652 734 4725 Ex
751 4653 904 4750 quadam
921 4653 996 4751 ejus
1013 4652 1157 4750 epistola
1180 4661 1289 4750 patet,
1315 4650 1469 4726 scholam
1490 4653 1601 4728 etiam
1622 4652 1735 4753 ipsum
1758 4655 1890 4731 alicubi

435 4782 616 4884 aperuisse,
640 4795 677 4860 et
702 4780 862 4858 habuisse
880 4784 1083 4859 auditorum
1107 4794 1239 4868 coetus,
1263 4781 1391 4880 quibus
1413 4782 1552 4859 Graeca
1575 4784 1677 4859 fimul
1700 4795 1740 4861 ot
1761 4785 1891 4861 Latina
