4470 5962
402 559 446 640 72
819 556 885 621 DE
909 555 1252 622 SCRIPTORIBUS
1276 555 1445 622 ScoTls.

403 744 604 842 benignus;
636 744 788 842 denique
813 768 886 818 non
912 743 1052 844 vulgari
1080 745 1245 823 dodlrina
1275 745 1475 831 instructus
1501 754 1539 821 et
1567 745 1657 820 raris
1683 745 1859 820 virtutum

405 877 623 953 ornamentis
639 875 831 976 infignitus.
882 877 926 950 In
943 874 1080 975 scriptis
1096 877 1249 976 denique
1265 876 1540 952 communicavit
1556 875 1761 975 posteritati,

553 1009 700 1085 Henrici
740 1008 866 1095 Quinti
899 1009 1129 1106 Imperatoris
1168 1008 1205 1082 in
1243 1008 1385 1084 ltaliam
1427 1008 1674 1108 Expeditionis
1712 1009 1858 1093 Seriem,

606 1141 667 1216 lib.
684 1162 741 1216 111.

509 1246 514 1254 '
556 1273 825 1372 magistratuum
841 1271 1003 1372 magna,
1020 1272 1081 1347 ua.
1099 1295 1124 1347 1.

555 1406 767 1506 Apologiam
783 1407 830 1480 ad
847 1405 1042 1493 Caesarem,
1060 1406 1121 1481 lib.
1139 1429 1179 1480 11.

554 1538 609 1614 De
631 1540 758 1638 Regno
775 1539 973 1625 Scotorum,
991 1538 1051 1614 lib.
1069 1561 1095 1612 1.

556 1671 611 1746 De
627 1672 826 1747 Juventute
843 1673 943 1746 recle
960 1671 1192 1758 informanda,
1211 1671 1271 1745 lib.
1290 1693 1315 1744 1.

556 1803 630 1878 Res
645 1805 760 1904 gestas
776 1803 828 1878 sui
845 1804 1028 1901 Temporis
1043 1828 1109 1902 per
1124 1801 1364 1877 Germaniam.

406 1933 455 2006 Et
495 1933 566 2009 alia
601 1936 724 2022 multa,
760 1934 967 2034 praesertim
1001 1936 1039 2009 10
1073 1934 1109 2010 S.
1148 1934 1379 2032 Scripturam,
1418 1935 1602 2034 postquam
1643 1936 1681 2010 in
1722 1935 1864 2010 Guallia

407 2066 647 2142 cathedralem
673 2069 878 2144 obtinuerat
902 2067 1029 2143 sedem.
1097 2066 1235 2142 Claruit
1263 2092 1357 2141 anno
1387 2068 1463 2165 post
1492 2068 1619 2144 Christi
1648 2067 1863 2143 salutiferam

407 2197 629 2274 nativitatem
672 2206 779 2288 1110,
819 2200 904 2275 dum
937 2199 1073 2274 summa
1106 2224 1226 2274 rerum
1260 2199 1297 2273 10
1333 2199 1453 2274 Scotia
1477 2223 1586 2298 penes
1618 2199 1863 2275 Alexandrum

409 2328 571 2404 Primum
588 2330 764 2407 resideret.

633 2649 637 2657 ·
757 2631 823 2703 DE
849 2628 1105 2704 RICHARDO
1132 2628 1198 2702 DE
1223 2628 1259 2704 S.
1286 2629 1506 2706 VICTORE.

410 2860 638 2937 Rmuaanus
663 2864 708 2938 de
736 2864 870 2938 800610
896 2859 1053 2946 Victore,
1081 2861 1225 2935 natione
1247 2861 1383 2948 Scotus,
1407 2871 1449 2936 01
1478 2861 1588 2936 hahet
1616 2859 1863 2947 Bellarminus,

409 2993 602 3069 monachus
625 2996 759 3070 ordinis
784 2993 1044 3070 Canoniccrum
1061 2992 1294 3106 Begurlarium
1317 2995 1352 3069 S.
1370 2993 1557 3093 Augrllini
1581 2993 1628 3070 ad
1650 3017 1771 3068 muros
1795 2991 1865 3066 Lu·

408 3125 570 3213 tatianos,
589 3128 751 3228 Hugonis
776 3128 821 3202 de
838 3127 874 3200 S.
892 3126 1039 3201 Victore
1062 3136 1223 3224 tempore
1244 3127 1382 3214 claruit,
1399 3138 1437 3202 et
1454 3127 1491 3202 in
1512 3126 1637 3202 eodem
1654 3125 1865 3202 monasterio

408 3257 617 3335 lanciiffime
643 3260 742 3335 vixit.
793 3259 878 3335 Fuit
913 3282 1054 3356 quoque
1084 3258 1119 3331 S.
1150 3258 1325 3333 Bernardi
1358 3256 1590 3345 amicissimus,
1621 3268 1663 3333 ut
1691 3283 1736 3332 ex
1766 3259 1866 3332 libris

285 3372 289 3381 ¹
364 3439 370 3449 ·
409 3391 456 3464 ad
480 3415 562 3465 eum
587 3392 725 3491 scriptis
748 3390 971 3491 perspicuum
993 3391 1052 3465 est.
1100 3403 1120 3432 ‘⁶
1130 3391 1390 3490 'lheclogorum
1415 3391 1467 3467 sui
1500 3390 1671 3489 temporis
1700 3390 1788 3464 nulli
1814 3389 1865 3465 se·

410 3523 554 3608 candus,
575 3535 651 3598 tam
673 3525 768 3599 enim
790 3525 827 3598 in
848 3521 1052 3598 scholastica
1072 3523 1281 3623 theologia,”
1307 3523 1425 3622 inquit
1447 3524 1570 3621 Major,
1599 3535 1618 3565 ‘⁴
1632 3548 1723 3621 quae
1749 3522 1868 3621 palae-

409 3654 479 3729 stra
504 3656 662 3731 literaria
685 3667 723 3732 et
744 3656 998 3732 exercitatione
1019 3655 1224 3754 acquiritur,
1248 3680 1355 3754 quam
1376 3681 1420 3731 ea
1441 3681 1549 3754 quam
1577 3666 1758 3754 utcunque
1787 3655 1868 3754 quis

406 3785 499 3862 solus
541 3790 685 3864 haurire
719 3789 841 3887 potest,
876 3788 1049 3862 emicuit:
1092 3788 1356 3864 lucubrationes
1388 3788 1568 3887 plurimas,
1602 3789 1757 3864 lectione
1791 3788 1868 3887 dig-

407 3918 563 3994 niffimas
590 3921 627 3995 in
657 3922 839 4020 publicum
869 3920 989 3994 emisit.
1041 3923 1084 3994 In
1114 3923 1268 4018 quodam
1293 3920 1452 3994 sermone
1481 3922 1526 3995 de
1553 3919 1757 3995 Christisera
1786 3919 1867 3993 Vir-

406 4053 499 4150 gine,
527 4053 686 4128 omnium
711 4052 866 4151 expresse
895 4052 1031 4151 primus
1056 4078 1135 4127 eam
1160 4051 1342 4150 originalis
1367 4077 1482 4127 noxae
1513 4063 1697 4151 expertem
1720 4052 1867 4127 tenuit'’

408 4183 478 4258 Hic
507 4185 716 4271 Richardus,
747 4185 930 4283 postquam
963 4185 1001 4258 in
1034 4185 1151 4284 patria
1183 4183 1245 4259 sua
1276 4183 1480 4259 rudimenta
1513 4183 1752 4283 philosophiae
1786 4209 1866 4282 per-

407 4315 558 4414 cepisset,
601 4318 795 4393 ardentiori
833 4319 988 4416 qucdam
1027 4317 1181 4391 discendi
1213 4316 1326 4391 studio
1359 4319 1489 4403 tacius,
1524 4316 1675 4417 impiger
1715 4316 1866 4392 Parisios

406 4449 520 4547 petiit,
545 4452 606 4525 ubi
632 4451 727 4527 inter
747 4449 956 4548 praecipuos
983 4448 1149 4524 dcdtcres
1172 4457 1210 4523 et
1230 4448 1391 4546 publicos
1418 4449 1618 4548 theologiae
1645 4449 1866 4525 scholasticae

407 4578 616 4678 professores
646 4584 698 4658 ita
726 4582 881 4667 emicuit,
915 4592 957 4656 01
985 4606 1155 4680 magnum
1187 4591 1224 4655 et
1257 4606 1441 4678 nunquam
1474 4581 1703 4656 interiturum
1737 4606 1868 4657 nomen

408 4726 446 4789 et
471 4714 608 4811 patriae
633 4726 671 4789 et
694 4715 756 4790 fibi
782 4713 1049 4812 comparaverit.
1101 4712 1230 4788 Omnia
1254 4713 1290 4787 S.
1315 4713 1526 4813 theologiae,
1553 4713 1867 4813 peripateticorum

407 4870 506 4929 more
539 4846 747 4933 definiendo,
778 4846 977 4933 dividendo,
1004 4855 1042 4922 et
1071 4845 1350 4933 demonstrando,
1381 4846 1635 4944 comprobavit,
1665 4846 1761 4945 quod
1790 4845 1869 4944 qui·
