<?xml version="1.0" encoding="UTF-8"?>
<!DOCTYPE html PUBLIC "-//W3C//DTD XHTML 1.0 Transitional//EN"
    "http://www.w3.org/TR/xhtml1/DTD/xhtml1-transitional.dtd">
<html xmlns="http://www.w3.org/1999/xhtml" xml:lang="en" lang="en">
 <head>
  <title>
</title>
<meta http-equiv="Content-Type" content="text/html;charset=utf-8" />
  <meta name='ocr-system' content='tesseract 3.04.00' />
  <meta name='ocr-capabilities' content='ocr_page ocr_carea ocr_par ocr_line ocrx_word'/>
</head>
<body>
  <div class='ocr_page' id='page_1' title='image "./davidisbuchanan00irvigoog_0146.png"; bbox 0 0 4470 5962; ppageno 0'>
   <div class='ocr_carea' id='block_1_1' title="bbox 529 543 1581 614">
    <p class='ocr_par' dir='ltr' id='par_1_1' title="bbox 529 543 1581 614">
     <span class='ocr_line' id='line_1_1' title="bbox 529 543 1581 614; baseline 0.002 -7"><span class='ocrx_word' id='word_1_1' title='bbox 529 543 594 608; x_wconf 78' lang='lat'>130</span> <span class='ocrx_word' id='word_1_2' title='bbox 933 547 998 612; x_wconf 80' lang='lat' dir='ltr'>DE</span> <span class='ocrx_word' id='word_1_3' title='bbox 1033 546 1378 614; x_wconf 80' lang='lat' dir='ltr'>SCRIPTORIBUS</span> <span class='ocrx_word' id='word_1_4' title='bbox 1413 544 1581 612; x_wconf 77' lang='lat' dir='ltr'>sco’ns</span> 
     </span>
    </p>
   </div>
   <div class='ocr_carea' id='block_1_2' title="bbox 427 732 2006 2415">
    <p class='ocr_par' dir='ltr' id='par_1_2' title="bbox 532 732 2006 1362">
     <span class='ocr_line' id='line_1_2' title="bbox 532 732 2006 832; baseline 0.004 -25"><span class='ocrx_word' id='word_1_5' title='bbox 532 732 687 818; x_wconf 85' lang='lat' dir='ltr'>stitiolas,</span> <span class='ocrx_word' id='word_1_6' title='bbox 714 732 941 820; x_wconf 65' lang='lat' dir='ltr'><strong>idololatrias,</strong></span> <span class='ocrx_word' id='word_1_7' title='bbox 973 746 1010 808; x_wconf 89' lang='lat' dir='ltr'>et</span> <span class='ocrx_word' id='word_1_8' title='bbox 1034 736 1228 810; x_wconf 89' lang='lat' dir='ltr'>horrendas</span> <span class='ocrx_word' id='word_1_9' title='bbox 1257 734 1490 832; x_wconf 80' lang='lat' dir='ltr'>blasphemias</span> <span class='ocrx_word' id='word_1_10' title='bbox 1510 734 1662 831; x_wconf 86' lang='lat' dir='ltr'>juratus,</span> <span class='ocrx_word' id='word_1_11' title='bbox 1692 745 1836 811; x_wconf 87' lang='lat' dir='ltr'>terrena</span> <span class='ocrx_word' id='word_1_12' title='bbox 1859 739 2006 813; x_wconf 81' lang='lat' dir='ltr'>melius</span> 
     </span>
     <span class='ocr_line' id='line_1_3' title="bbox 533 864 1986 966; baseline 0.003 -27"><span class='ocrx_word' id='word_1_13' title='bbox 533 864 842 963; x_wconf 85' lang='lat' dir='ltr'>comprehendere,</span> <span class='ocrx_word' id='word_1_14' title='bbox 872 890 980 962; x_wconf 90' lang='lat' dir='ltr'>quam</span> <span class='ocrx_word' id='word_1_15' title='bbox 1005 867 1199 964; x_wconf 75' lang='lat' dir='ltr'>spiritualia</span> <span class='ocrx_word' id='word_1_16' title='bbox 1224 867 1490 966; x_wconf 89' lang='lat' dir='ltr'>apprehendere</span> <span class='ocrx_word' id='word_1_17' title='bbox 1521 866 1665 941; x_wconf 88' lang='lat' dir='ltr'>valeret.</span> <span class='ocrx_word' id='word_1_18' title='bbox 1727 868 1897 966; x_wconf 85' lang='lat' dir='ltr'>Alioquin</span> <span class='ocrx_word' id='word_1_19' title='bbox 1932 871 1986 943; x_wconf 87' lang='lat' dir='ltr'>vir</span> 
     </span>
     <span class='ocr_line' id='line_1_4' title="bbox 534 995 1986 1096; baseline 0.003 -28"><span class='ocrx_word' id='word_1_20' title='bbox 534 995 784 1093; x_wconf 77' lang='lat' dir='ltr'>perhumanus,</span> <span class='ocrx_word' id='word_1_21' title='bbox 810 995 848 1069; x_wconf 93' lang='lat' dir='ltr'>in</span> <span class='ocrx_word' id='word_1_22' title='bbox 873 1007 1122 1071; x_wconf 70' lang='lat' dir='ltr'>conterraneos</span> <span class='ocrx_word' id='word_1_23' title='bbox 1140 996 1220 1072; x_wconf 91' lang='lat' dir='ltr'>suos</span> <span class='ocrx_word' id='word_1_24' title='bbox 1243 1022 1373 1096; x_wconf 86' lang='lat' dir='ltr'>egenos</span> <span class='ocrx_word' id='word_1_25' title='bbox 1393 1010 1430 1073; x_wconf 89' lang='lat' dir='ltr'>et</span> <span class='ocrx_word' id='word_1_26' title='bbox 1454 998 1615 1072; x_wconf 84' lang='lat' dir='ltr'>literatos</span> <span class='ocrx_word' id='word_1_27' title='bbox 1640 997 1796 1073; x_wconf 88' lang='lat' dir='ltr'>liberalis</span> <span class='ocrx_word' id='word_1_28' title='bbox 1814 1011 1851 1072; x_wconf 87' lang='lat' dir='ltr'>et</span> <span class='ocrx_word' id='word_1_29' title='bbox 1871 1002 1986 1073; x_wconf 90' lang='lat' dir='ltr'>muni·</span> 
     </span>
     <span class='ocr_line' id='line_1_5' title="bbox 532 1127 1986 1230; baseline 0.003 -30"><span class='ocrx_word' id='word_1_30' title='bbox 532 1129 629 1201; x_wconf 86' lang='lat' dir='ltr'>fieus.</span> <span class='ocrx_word' id='word_1_31' title='bbox 686 1127 931 1225; x_wconf 85' lang='lat' dir='ltr'>Philol&#39;ophica</span> <span class='ocrx_word' id='word_1_32' title='bbox 967 1130 1121 1226; x_wconf 89' lang='lat' dir='ltr'>plurima</span> <span class='ocrx_word' id='word_1_33' title='bbox 1157 1154 1274 1228; x_wconf 88' lang='lat' dir='ltr'>opera,</span> <span class='ocrx_word' id='word_1_34' title='bbox 1314 1156 1405 1230; x_wconf 91' lang='lat' dir='ltr'>quae</span> <span class='ocrx_word' id='word_1_35' title='bbox 1448 1131 1565 1202; x_wconf 91' lang='lat' dir='ltr'>nullus</span> <span class='ocrx_word' id='word_1_36' title='bbox 1604 1131 1807 1204; x_wconf 81' lang='lat' dir='ltr'>mortalium</span> <span class='ocrx_word' id='word_1_37' title='bbox 1850 1133 1986 1207; x_wconf 68' lang='lat' dir='ltr'>exeatis</span> 
     </span>
     <span class='ocr_line' id='line_1_6' title="bbox 533 1260 1403 1362; baseline 0.006 -31"><span class='ocrx_word' id='word_1_38' title='bbox 533 1269 631 1334; x_wconf 90' lang='lat' dir='ltr'>retro</span> <span class='ocrx_word' id='word_1_39' title='bbox 647 1260 772 1334; x_wconf 80' lang='lat' dir='ltr'>seculis</span> <span class='ocrx_word' id='word_1_40' title='bbox 787 1261 1020 1357; x_wconf 84' lang='lat' dir='ltr'>praeviderat,</span> <span class='ocrx_word' id='word_1_41' title='bbox 1038 1263 1233 1360; x_wconf 88' lang='lat' dir='ltr'>posteritati</span> <span class='ocrx_word' id='word_1_42' title='bbox 1249 1264 1403 1362; x_wconf 88' lang='lat' dir='ltr'>reliquit.</span> 
     </span>
    </p>

    <p class='ocr_par' dir='ltr' id='par_1_3' title="bbox 681 1392 1984 1494">
     <span class='ocr_line' id='line_1_7' title="bbox 681 1392 1984 1494; baseline 0 -30"><span class='ocrx_word' id='word_1_43' title='bbox 681 1393 947 1467; x_wconf 79' lang='lat' dir='ltr'>commentaria</span> <span class='ocrx_word' id='word_1_44' title='bbox 975 1394 1013 1467; x_wconf 94' lang='lat' dir='ltr'>in</span> <span class='ocrx_word' id='word_1_45' title='bbox 1038 1394 1235 1470; x_wconf 87' lang='lat' dir='ltr'>universam</span> <span class='ocrx_word' id='word_1_46' title='bbox 1264 1395 1441 1494; x_wconf 85' lang='lat' dir='ltr'>Logicam‚</span> <span class='ocrx_word' id='word_1_47' title='bbox 1471 1395 1509 1465; x_wconf 91' lang='lat' dir='ltr'>in</span> <span class='ocrx_word' id='word_1_48' title='bbox 1540 1392 1721 1490; x_wconf 84' lang='lat' dir='ltr'>Phylioam</span> <span class='ocrx_word' id='word_1_49' title='bbox 1753 1404 1790 1465; x_wconf 91' lang='lat' dir='ltr'>et</span> <span class='ocrx_word' id='word_1_50' title='bbox 1822 1394 1984 1467; x_wconf 82' lang='lat' dir='ltr'>Ethieam</span> 
     </span>
    </p>

    <p class='ocr_par' dir='ltr' id='par_1_4' title="bbox 730 1524 1366 1625">
     <span class='ocr_line' id='line_1_8' title="bbox 730 1524 1366 1625; baseline 0.005 -27"><span class='ocrx_word' id='word_1_51' title='bbox 730 1525 937 1611; x_wconf 82' lang='lat' dir='ltr'>Aristotelis,</span> <span class='ocrx_word' id='word_1_52' title='bbox 955 1526 1177 1625; x_wconf 86' lang='lat' dir='ltr'>Burdegalae</span> <span class='ocrx_word' id='word_1_53' title='bbox 1193 1524 1366 1625; x_wconf 84' lang='lat' dir='ltr'>impreffa.</span> 
     </span>
    </p>

    <p class='ocr_par' dir='ltr' id='par_1_5' title="bbox 680 1657 1519 1746">
     <span class='ocr_line' id='line_1_9' title="bbox 680 1657 1519 1746; baseline -0.004 -15"><span class='ocrx_word' id='word_1_54' title='bbox 680 1657 944 1732; x_wconf 87' lang='lat' dir='ltr'>Commentaria</span> <span class='ocrx_word' id='word_1_55' title='bbox 960 1660 997 1730; x_wconf 92' lang='lat' dir='ltr'>in</span> <span class='ocrx_word' id='word_1_56' title='bbox 1015 1658 1238 1746; x_wconf 86' lang='lat' dir='ltr'>Cleomeden,</span> <span class='ocrx_word' id='word_1_57' title='bbox 1255 1657 1398 1735; x_wconf 86' lang='lat' dir='ltr'>Parifiis</span> <span class='ocrx_word' id='word_1_58' title='bbox 1414 1658 1519 1732; x_wconf 90' lang='lat' dir='ltr'>edita.</span> 
     </span>
    </p>

    <p class='ocr_par' dir='ltr' id='par_1_6' title="bbox 427 1789 1988 2415">
     <span class='ocr_line' id='line_1_10' title="bbox 680 1789 1632 1889; baseline -0.004 -26"><span class='ocrx_word' id='word_1_59' title='bbox 680 1789 879 1863; x_wconf 84' lang='lat' dir='ltr'>Concilium</span> <span class='ocrx_word' id='word_1_60' title='bbox 896 1790 1091 1865; x_wconf 88' lang='lat' dir='ltr'>Nicaenum</span> <span class='ocrx_word' id='word_1_61' title='bbox 1108 1793 1262 1889; x_wconf 90' lang='lat' dir='ltr'>primum</span> <span class='ocrx_word' id='word_1_62' title='bbox 1279 1792 1465 1866; x_wconf 82' lang='lat' dir='ltr'>transtulit.</span> <span class='ocrx_word' id='word_1_63' title='bbox 1521 1789 1632 1862; x_wconf 87' lang='lat' dir='ltr'>Paris.</span> 
     </span>
     <span class='ocr_line' id='line_1_11' title="bbox 532 1919 1988 2021; baseline -0.004 -25"><span class='ocrx_word' id='word_1_64' title='bbox 532 1921 720 1996; x_wconf 88' lang='lat' dir='ltr'>Orationes</span> <span class='ocrx_word' id='word_1_65' title='bbox 759 1921 883 2006; x_wconf 88' lang='lat' dir='ltr'>varias,</span> <span class='ocrx_word' id='word_1_66' title='bbox 923 1923 1190 2019; x_wconf 72' lang='lat' dir='ltr'>praeledtiones,</span> <span class='ocrx_word' id='word_1_67' title='bbox 1227 1924 1367 2021; x_wconf 87' lang='lat' dir='ltr'>aliaque</span> <span class='ocrx_word' id='word_1_68' title='bbox 1405 1922 1560 2021; x_wconf 88' lang='lat' dir='ltr'>plurima</span> <span class='ocrx_word' id='word_1_69' title='bbox 1592 1920 1737 2016; x_wconf 89' lang='lat' dir='ltr'>reliquit</span> <span class='ocrx_word' id='word_1_70' title='bbox 1770 1919 1988 2002; x_wconf 73' lang='lat' dir='ltr'>excudenda,</span> 
     </span>
     <span class='ocr_line' id='line_1_12' title="bbox 427 2050 1987 2163; baseline -0.004 -35"><span class='ocrx_word' id='word_1_71' title='bbox 427 2152 431 2163; x_wconf 28' lang='grc' dir='ltr'>Ι</span> <span class='ocrx_word' id='word_1_72' title='bbox 532 2078 624 2152; x_wconf 86' lang='lat' dir='ltr'>quae</span> <span class='ocrx_word' id='word_1_73' title='bbox 647 2053 763 2127; x_wconf 84' lang='lat' dir='ltr'>adhue</span> <span class='ocrx_word' id='word_1_74' title='bbox 785 2078 832 2127; x_wconf 91' lang='lat' dir='ltr'>an</span> <span class='ocrx_word' id='word_1_75' title='bbox 854 2054 901 2125; x_wconf 82' lang='lat' dir='ltr'>in¹</span> <span class='ocrx_word' id='word_1_76' title='bbox 915 2055 1030 2128; x_wconf 88' lang='lat' dir='ltr'>lueem</span> <span class='ocrx_word' id='word_1_77' title='bbox 1051 2056 1269 2153; x_wconf 84' lang='lat' dir='ltr'>prodierunt,</span> <span class='ocrx_word' id='word_1_78' title='bbox 1287 2057 1435 2130; x_wconf 85' lang='lat' dir='ltr'>candide</span> <span class='ocrx_word' id='word_1_79' title='bbox 1454 2080 1512 2129; x_wconf 90' lang='lat' dir='ltr'>me</span> <span class='ocrx_word' id='word_1_80' title='bbox 1534 2054 1697 2151; x_wconf 85' lang='lat' dir='ltr'>ignorare</span> <span class='ocrx_word' id='word_1_81' title='bbox 1714 2051 1837 2124; x_wconf 82' lang='lat' dir='ltr'>fateor.</span> <span class='ocrx_word' id='word_1_82' title='bbox 1889 2050 1987 2122; x_wconf 90' lang='lat' dir='ltr'>Obiit</span> 
     </span>
     <span class='ocr_line' id='line_1_13' title="bbox 530 2181 1988 2285; baseline -0.005 -25"><span class='ocrx_word' id='word_1_83' title='bbox 530 2186 753 2285; x_wconf 83' lang='lat' dir='ltr'>Burdogalae</span> <span class='ocrx_word' id='word_1_84' title='bbox 783 2211 877 2261; x_wconf 89' lang='lat' dir='ltr'>anno</span> <span class='ocrx_word' id='word_1_85' title='bbox 907 2187 1160 2284; x_wconf 89' lang='lat' dir='ltr'>redemptionis</span> <span class='ocrx_word' id='word_1_86' title='bbox 1189 2188 1364 2264; x_wconf 87' lang='lat' dir='ltr'>humanae</span> <span class='ocrx_word' id='word_1_87' title='bbox 1398 2192 1504 2272; x_wconf 84' lang='lat'>1610,</span> <span class='ocrx_word' id='word_1_88' title='bbox 1534 2192 1706 2281; x_wconf 88' lang='lat' dir='ltr'>regnante</span> <span class='ocrx_word' id='word_1_89' title='bbox 1738 2182 1874 2255; x_wconf 76' lang='lat' dir='ltr'>Jacobo</span> <span class='ocrx_word' id='word_1_90' title='bbox 1909 2181 1988 2253; x_wconf 88' lang='lat' dir='ltr'>Bri·</span> 
     </span>
     <span class='ocr_line' id='line_1_14' title="bbox 529 2314 1469 2415; baseline -0.002 -22"><span class='ocrx_word' id='word_1_91' title='bbox 529 2319 732 2393; x_wconf 80' lang='lat' dir='ltr'>tanmarum</span> <span class='ocrx_word' id='word_1_92' title='bbox 749 2319 874 2415; x_wconf 90' lang='lat' dir='ltr'>primo.</span> <span class='ocrx_word' id='word_1_93' title='bbox 1465 2314 1469 2323; x_wconf 77' lang='grc'><strong>’</strong></span> 
     </span>
    </p>
   </div>
   <div class='ocr_carea' id='block_1_3' title="bbox 958 3405 1556 3660">
    <p class='ocr_par' dir='ltr' id='par_1_7' title="bbox 958 3405 1556 3660">
     <span class='ocr_line' id='line_1_15' title="bbox 958 3405 1556 3472; baseline 0.007 -16"><span class='ocrx_word' id='word_1_94' title='bbox 958 3405 1125 3467; x_wconf 78' lang='lat' dir='ltr'>annroon</span> <span class='ocrx_word' id='word_1_95' title='bbox 1143 3406 1233 3472; x_wconf 77' lang='lat' dir='ltr'>nnn,</span> <span class='ocrx_word' id='word_1_96' title='bbox 1251 3405 1329 3459; x_wconf 76' lang='lat' dir='ltr'>Aur</span> <span class='ocrx_word' id='word_1_97' title='bbox 1347 3408 1416 3460; x_wconf 78' lang='lat' dir='ltr'>nos</span> <span class='ocrx_word' id='word_1_98' title='bbox 1435 3408 1556 3460; x_wconf 76' lang='lat' dir='ltr'>auras.</span> 
     </span>
     <span class='ocr_line' id='line_1_16' title="bbox 1203 3583 1298 3660; baseline 0.053 -5"><span class='ocrx_word' id='word_1_99' title='bbox 1203 3583 1298 3660; x_wconf 78' lang='lat'>1627</span> 
     </span>
    </p>
   </div>
   <div class='ocr_carea' id='block_1_4' title="bbox 1123 3801 1387 3854">
    <p class='ocr_par' dir='ltr' id='par_1_8' title="bbox 1123 3801 1387 3854">
     <span class='ocr_line' id='line_1_17' title="bbox 1123 3801 1387 3854; baseline 0 -2"><span class='ocrx_word' id='word_1_100' title='bbox 1123 3801 1232 3854; x_wconf 81' lang='lat' dir='ltr'>JULIO</span> <span class='ocrx_word' id='word_1_101' title='bbox 1250 3802 1387 3854; x_wconf 81' lang='lat' dir='ltr'><strong>MENSE.</strong></span> 
     </span>
    </p>
   </div>
   <div class='ocr_carea' id='block_1_5' title="bbox 0 0 2240 5957">
    <p class='ocr_par' dir='ltr' id='par_1_9' title="bbox 0 0 2240 5957">
     <span class='ocr_line' id='line_1_18' title="bbox 0 0 2240 5957; baseline 0 0"><span class='ocrx_word' id='word_1_102' title='bbox 0 0 2240 5957; x_wconf 95' lang='lat' dir='ltr'> </span> 
     </span>
    </p>
   </div>
  </div>
 </body>
</html>
