4448 5964
379 529 445 592 118
794 524 860 588 DE
884 523 1225 591 SCRIPTORIBUS
1248 525 1416 591 SCO'l'lS.

381 735 483 788 arum
512 709 681 796 ledtioni3
713 709 807 783 unde
837 708 989 784 snooelsu
1017 711 1186 808 temporis
1214 714 1378 813 egregius
1403 723 1440 786 et
1469 714 1583 788 fidelis
1611 713 1680 790 Dei
1708 716 1835 793 vineae

382 843 528 918 colonus
560 841 702 942 prodiit,
738 840 880 939 ejusque
910 842 1007 940 piam
1039 843 1273 920 intentionem
1307 847 1402 919 bono
1433 856 1471 920 et
1503 844 1670 943 prospero
1702 859 1837 922 eventu

381 974 585 1052 secundavit
619 974 725 1048 Deus.
788 973 946 1047 Tandem
975 985 1120 1049 vocatus
1151 977 1199 1051 est
1232 978 1279 1051 ad
1311 977 1495 1051 dostrinae
1528 977 1683 1052 caelestis
1716 980 1837 1077 eapite

379 1108 417 1180 in
446 1103 720 1204 Ediubmgenlis
744 1105 842 1179 urbis
867 1105 1001 1202 templo
1025 1106 1242 1212 explicanda,
1264 1108 1324 1182 ubi
1351 1107 1397 1183 ad
1425 1108 1562 1204 aliquot
1587 1132 1708 1194 annos,
1732 1111 1837 1185 resa

383 1240 541 1313 docendo
566 1236 720 1334 salsaque
746 1236 948 1324 refellendo,
971 1262 1117 1312 munere
1142 1238 1203 1313 sno
1228 1241 1338 1337 probe
1362 1240 1580 1336 perfimstus
1602 1264 1748 1338 gregem
1772 1238 1836 1314 fibi

385 1367 603 1444 commissum
636 1369 826 1453 nutriebat,
863 1368 1065 1454 instruebat,
1097 1381 1134 1443 et
1167 1371 1391 1445 custodiebat.
1467 1370 1532 1442 Vir
1566 1369 1709 1467 pietate,
1751 1395 1837 1469 pru·

382 1500 512 1585 dentis,
541 1499 715 1584 doetrina,
746 1508 784 1572 et
809 1498 848 1572 in
876 1500 983 1574 rebus
1007 1500 1153 1596 agendis
1182 1501 1395 1575 dexteritate
1425 1499 1575 1598 insignis,
1599 1501 1637 1574 in
1661 1501 1836 1576 librorum

383 1631 536 1706 lettione
566 1627 727 1715 affidnus,
762 1629 967 1704 inexhausto
996 1630 1128 1717 labore,
1161 1630 1327 1707 indefessa
1356 1632 1548 1729 diligentia,
1576 1631 1614 1705 in
1642 1631 1838 1731 Scripturis

380 1761 511 1837 sanetis
543 1787 566 1834 a
598 1760 751 1858 pueritia
779 1758 1034 1836 studiofiffimus
1067 1747 1114 1835 et'
1132 1763 1285 1838 multum
1314 1763 1483 1850 eruditus,
1517 1773 1626 1859 atque
1654 1763 1692 1837 in
1721 1763 1838 1861 philo-

381 1893 504 1991 sophia
536 1892 855 1991 Peripateticorum
888 1891 949 1964 vix
981 1891 1087 1966 alieni
1119 1891 1181 1968 liro
1213 1905 1373 1993 tempore
1410 1896 1505 1992 apud
1543 1894 1837 1992 Edinburgenses

380 2027 561 2100 secundus.
629 2025 776 2122 Ingenio
806 2023 912 2108 mitis,
945 2022 1104 2099 sermone
1141 2023 1252 2100 duleis
1285 2035 1322 2099 et
1357 2023 1577 2124 compositus,
1611 2047 1683 2098 non
1717 2025 1837 2098 minus

382 2159 457 2233 vita
487 2181 595 2255 quam
627 2155 773 2230 seientia
803 2157 1043 2230 reverendus:
1076 2156 1113 2230 in
1146 2156 1339 2231 enodandis
1373 2156 1632 2253 quaestionibus
1658 2154 1838 2252 Scriptur-

383 2314 485 2364 urum
519 2287 714 2384 disputator
753 2286 955 2372 acerrimus,
988 2311 1109 2362 rerum
1142 2285 1343 2360 sublimium
1376 2297 1413 2361 et
1446 2285 1647 2361 caelestium
1678 2296 1838 2359 oontem-

383 2417 531 2516 plationi
558 2417 705 2490 mirifice
736 2417 885 2493 deditus
936 2414 1080 2515 Soripfit
1108 2424 1294 2515 praeterea
1321 2415 1496 2512 quaedam
1523 2414 1707 2512 praeclara
1734 2412 1839 2512 opus·

384 2551 465 2626 cula
490 2551 534 2624 de
561 2548 689 2622 divinis
717 2549 906 2646 praecipue
928 2547 1128 2646 Seripturis,
1153 2545 1281 2644 quibus
1304 2570 1440 2620 nomen
1463 2544 1570 2620 lirum
1595 2544 1642 2620 ad
1671 2543 1838 2620 notitiem

387 2681 599 2780 posteritatis
614 2678 801 2753 transmisit
818 2706 827 2765 ;
853 2678 947 2752 inter
962 2689 1112 2764 caetera,

533 2811 728 2888 Contiones
745 2809 901 2885 eruditas
916 2809 955 2882 in
969 2820 1084 2884 totam
1100 2809 1174 2882 sere
1191 2805 1432 2906 Apocalypsin.

535 2944 646 3020 Sacra
661 2944 834 3017 Poemata
850 2943 894 3016 de
911 2940 1017 3016 variis
1033 2940 1120 3015 loeis
1136 2939 1350 3036 Seriptmae.

534 3071 655 3146 Vitam
673 3069 824 3145 loannis
839 3068 982 3144 Knoxii.

388 3204 436 3279 Et
477 3203 547 3277 alia
587 3202 741 3301 plurima
781 3200 913 3276 chartis
953 3197 1132 3274 commisit.
1199 3199 1338 3276 Floruit
1374 3223 1468 3275 anno
1500 3199 1676 3276 humanae
1718 3200 1840 3275 salutis

387 3345 571 3434 reparatae
591 3337 697 3418 1588,
715 3334 801 3408 dum
816 3332 911 3430 apud
928 3331 1054 3408 Scotos
1068 3330 1106 3405 in
1121 3328 1222 3429 regni
1238 3328 1324 3405 solio
1340 3328 1477 3404 sederet
1492 3330 1649 3406 Jaeobus
1665 3331 1806 3406 Sextus.

846 3628 913 3703 DE
936 3625 1127 3704 JOANNE
1151 3624 1375 3700 LESLAEO.

388 3862 564 3935 donnum
591 3861 794 3944 Lusuasns,
822 3857 1014 3955 Episoopus
1042 3853 1222 3940 Bullensis,
1251 3853 1395 3929 natione
1424 3855 1561 3942 Sootus,
1592 3880 1638 3930 ex
1667 3857 1779 3932 nobili
1803 3867 1841 3932 et

391 3991 591 4092 pervetusta
615 3990 838 4065 Lessaeorum
865 3989 1000 4063 samilia
1025 3988 1203 4073 oriundus,
1230 3987 1269 4061 in
1290 3987 1480 4084 juventute
1510 3988 1612 4062 bonis
1640 3988 1754 4064 literis
1786 3988 1841 4064 in·

392 4126 554 4209 strumus,
596 4121 836 4221 philosophica
876 4119 1055 4213 inchoavit
1092 4118 1205 4195 studia
1237 4117 1276 4191 in
1309 4117 1426 4192 schola
1462 4119 1588 4217 patria,
1623 4121 1669 4194 ad
1702 4122 1842 4195 Fanum

392 4254 523 4330 sedicet
553 4254 588 4329 S.
614 4254 789 4329 Andreae.
843 4251 968 4326 Postea
987 4250 1026 4325 in
1050 4249 1205 4323 Galliam
1224 4247 1476 4335 transfretavit,
1503 4250 1566 4325 ubi
1590 4249 1629 4325 in
1652 4251 1843 4326 academiis

393 4385 641 4471 celeberrimis,
670 4381 880 4482 [Parisrensu
905 4379 1123 4466 Pistavienli
1149 4388 1187 4453 et
1207 4377 1404 4473 Tolosana]
1426 4379 1538 4454 studia
1561 4381 1763 4479 interrupta
1786 4406 1843 4456 re·

394 4517 523 4614 petiit:
558 4515 642 4589 inde
675 4516 828 4588 Romam
856 4512 903 4588 ad
931 4510 1147 4608 theologiam
1174 4511 1387 4585 audiendam
1420 4510 1540 4587 misius
1566 4513 1623 4587 ell.
1683 4514 1842 4589 Tandem

395 4649 441 4722 ad
465 4647 622 4722 Scotiam
647 4646 745 4735 suam
769 4642 936 4728 reversus,
963 4642 1062 4716 varia
1087 4640 1231 4716 subinde
1257 4643 1295 4715 in
1321 4642 1462 4718 eeclesia
1487 4644 1609 4719 obibat
1639 4644 1770 4731 munia,
1800 4655 1843 4719 ut

395 4779 466 4877 ipse
492 4780 538 4853 de
567 4778 602 4854 se
631 4778 779 4853 testatur
814 4777 852 4850 in
882 4772 1065 4850 Paraeneli
1097 4773 1144 4848 ad
1176 4774 1347 4848 Proeeres
1372 4774 1618 4874 Populmnque
1652 4776 1842 4863 Sootieum,
