4470 5962
672 530 738 594 DE
778 530 1122 596 SCRIPTORIBUS
1155 530 1323 595 SCOTIS.
1676 534 1720 599 89

261 718 474 792 Hiberniam
507 717 658 814 trajecit,
692 717 754 790 ubi
786 741 868 789 eum
902 717 1099 792 incredibili
1139 717 1280 815 spiritus
1317 718 1456 791 servaro.
1502 719 1724 815 evangelium

260 875 326 948 per
359 848 533 947 plurimos
564 872 677 922 annos
709 847 936 945 praedicarit
999 848 1129 921 Diebus
1157 847 1226 921 suit
1255 847 1443 946 Mngouius
1476 874 1499 923 a
1538 848 1722 947 plorilipuo,

261 985 308 1058 eb
333 979 486 1079 insignes
504 980 655 1052 virtutes
679 979 831 1076 Magum
853 978 1131 1077 cognominatus
1154 980 1226 1077 qui,
1252 981 1299 1053 ob
1327 979 1420 1053 vitae
1455 977 1722 1055 sanetimaaian

262 1127 300 1189 et
322 1113 507 1197 miracula,
533 1111 743 1185 Hiberniam
766 1122 881 1185 totam
903 1110 1079 1185 convertit
1111 1109 1157 1184 ad
1185 1111 1292 1184 fidem
1323 1110 1460 1189 Cluilli,
1488 1110 1723 1209 quadraginta

261 1270 373 1320 annos
401 1245 440 1317 in
468 1242 643 1316 Hibernia
669 1239 851 1316 eoelefiam
876 1267 1013 1340 regens
1081 1242 1212 1316 Portus
1237 1254 1358 1317 autem
1388 1242 1424 1316 in
1457 1242 1666 1321 Galloridia,
1700 1268 1721 1315 o

262 1403 333 1477 qno
369 1401 499 1450 navem
527 1373 631 1449 solvit
658 1399 741 1448 eum
767 1374 805 1447 in
835 1375 1044 1449 Hiberniam
1073 1374 1266 1471 navigaret,
1295 1374 1400 1471 hiijus
1431 1374 1483 1449 roi
1512 1375 1720 1450 memoriam

261 1511 398 1585 servat:
426 1507 592 1606 scopulus
618 1506 655 1579 in
682 1506 817 1592 Glotta,
845 1507 906 1604 qui
935 1507 973 1579 in
999 1504 1117 1581 medio
1143 1505 1289 1580 flumine
1319 1505 1412 1591 satus,
1438 1508 1582 1607 impuno
1607 1509 1721 1607 plenis

262 1641 351 1716 velia
375 1641 495 1714 illatas
522 1663 631 1713 naves
655 1639 829 1712 innocuus
849 1638 990 1737 exeipit.
1041 1639 1172 1712 Fertur
1197 1651 1318 1712 autem
1345 1639 1400 1712 vir
1426 1640 1553 1716 uaeas
1576 1653 1613 1715 et
1641 1639 1720 1739 pius

262 1773 410 1850 studiose
439 1772 578 1870 semper
602 1770 834 1868 antiquitates
858 1770 1066 1845 Britanniae
1092 1767 1303 1869 quaesivisse,
1330 1772 1485 1848 maxime
1512 1772 1718 1848 Britanniae

109 1882 120 1897 ‘
261 1904 553 2005 septentrionalia
589 1902 729 1977 scotiae
763 1901 902 1988 senaa,
936 1927 1027 2001 quae
1060 1903 1106 1977 aa
1139 1902 1266 1978 euasti
1300 1904 1407 1979 naam
1440 1906 1717 1980 confirmandam

260 2039 457 2124 faciebant;
486 2032 665 2133 reperiisse
692 2061 776 2109 vero
801 2036 1066 2111 Commentario
1090 2037 1249 2110 Meduuii
1276 2037 1320 2112 de
1350 2039 1453 2114 Aetio
1483 2039 1648 2113 Damiaui
1679 2051 1716 2113 ot

261 2168 450 2269 Fugatiani
483 2167 521 2241 in
555 2167 751 2251 Britannia,
782 2192 906 2241 verum
934 2167 1025 2242 liber
1053 2169 1114 2242 ille
1143 2169 1237 2243 earie
1266 2195 1357 2268 pene
1387 2170 1596 2246 obliteratus
1629 2184 1716 2257 orat,

261 2299 356 2374 unde
373 2295 434 2372 nifi
452 2296 627 2395 probabili
645 2296 850 2394 oonjeetura
866 2297 936 2395 legi
953 2323 1025 2373 non
1041 2313 1192 2400 poterat.
1245 2300 1394 2401 Seripfit
1411 2301 1586 2378 Patricius

411 2430 466 2503 De
483 2427 622 2501 Futura
637 2427 845 2502 Eleelomm
863 2428 956 2515 Vita,
974 2430 1034 2505 lib.
1053 2454 1077 2505 1.

411 2562 466 2635 De
483 2559 598 2633 tribus
615 2559 845 2644 Habitaeulie
863 2559 922 2634 lib.
941 2583 965 2635 1.

409 2693 465 2767 De
482 2689 707 2788 Antiquitate
725 2692 927 2778 Avaloniea,
944 2693 1005 2768 lib.
1024 2716 1048 2767 1.

409 2824 638 2899 Itinerarium
654 2823 891 2910 Conseffionis,
908 2826 968 2900 lib.
987 2849 1011 2902 1.

408 2955 681 3053 Hodoeporioon
698 2955 901 3042 Hiberniae,
919 2957 979 3031 lib.
998 2980 1022 3030 1.

408 3088 600 3164 Historiam
616 3087 820 3173 Hiberniae,
838 3114 883 3162 ex
901 3090 1038 3177 Ruano,
1055 3090 1116 3165 lib.
1134 3114 1158 3165 1.

408 3222 622 3297 Sermonum
637 3220 697 3295 lib.
715 3243 740 3294 1.

406 3354 542 3429 Contra
564 3352 761 3427 Gentilium
790 3353 1070 3450 superstitiones,
1100 3353 1272 3451 Epistolm
1297 3355 1343 3429 ad
1372 3353 1552 3433 Creticum
1582 3355 1713 3455 Tyran-

456 3509 552 3569 num,
569 3483 630 3558 lib.
648 3505 672 3556 1.

407 3616 465 3691 Ad
483 3614 654 3690 Avalonis
670 3613 809 3690 lneolas
826 3615 1028 3713 Epistolam.

407 3745 466 3820 Ad
481 3746 562 3820 suoe
578 3745 703 3820 Sontes
719 3746 891 3844 Epistolas
906 3747 1035 3845 plures.

407 3877 466 3952 Ad
482 3875 719 3952 Hibemensee
735 3876 905 3952 Eeeleliaa
921 3878 1092 3977 Epistolas
1107 3881 1235 3979 plures.

407 4009 615 4107 Abjeetoria
630 4010 804 4107 quaedam
821 4015 904 4097 366,
921 4010 982 4085 lib.
1000 4033 1025 4085 1.

259 4144 307 4219 Et
327 4142 399 4219 alin
422 4142 585 4241 plurima
635 4141 793 4217 Tandem
820 4142 875 4215 vir
899 4142 968 4218 Dei
993 4143 1096 4218 bonis
1118 4144 1283 4243 operibus
1306 4145 1499 4233 abundum,
1525 4157 1563 4221 et
1583 4147 1711 4223 aetati·

258 4301 352 4352 anno
382 4278 464 4362 122,
493 4299 588 4349 anno
616 4297 701 4350 vero
730 4274 876 4350 Domini
904 4279 988 4363 490,
1018 4300 1128 4376 prope
1158 4277 1359 4353 Dunensem
1388 4278 1601 4355 Ultouienfia
1629 4304 1711 4379 pro-

258 4408 393 4484 vinciae
409 4409 535 4483 urbem
552 4408 766 4507 absumptae
792 4407 830 4481 in
855 4408 1009 4506 quadam
1034 4406 1199 4507 spelunea
1219 4408 1393 4509 sepelitur,
1416 4410 1588 4512 Congallo
1614 4414 1710 4513 apud

259 4540 383 4616 Sootoa
398 4549 579 4640 regnante.
