4470 5962
766 202 781 241 a
826 172 865 223 m.

475 522 520 588 62
869 514 936 581 DE
973 511 1318 582 aonlmomssvs
1355 510 1524 580 80οΤΙέ

475 709 619 784 habitus
645 707 702 795 est,
730 717 773 781 ut
800 703 1030 804 Imperatoria
1056 704 1223 803 Magister
1245 701 1431 777 deliciosus
1456 700 1564 775 litarit
1593 699 1802 798 appellatus,
1833 702 1934 801 enjus

476 839 675 941 magisterio
699 838 771 938 ipse
796 837 991 937 imperator
1015 837 1180 912 omnibus
1200 835 1401 911 liberalium
1427 833 1561 908 artium
1585 829 1777 931 disciplinis
1799 833 1934 909 initiari

476 972 667 1070 satagebat
719 966 862 1067 Scripsit
877 968 992 1043 multa
1007 966 1191 1066 praeclara
1207 962 1396 1054 volumina,
1414 967 1460 1041 de
1476 960 1607 1064 quibus
1621 964 1795 1051 feruntur,

625 1104 680 1177 De
698 1103 832 1176 Saneta
847 1101 1022 1175 Trinitate
1038 1110 1076 1174 et
1093 1100 1190 1186 Fide,
1208 1100 1269 1173 lib.
1287 1118 1343 1172 111.

625 1234 817 1333 Speculum
834 1234 940 1307 Vitae
956 1233 1153 1317 Humanae,
1171 1232 1232 1307 lib.
1249 1252 1319 1304 vn.

626 1366 670 1441 In
686 1366 918 1465 Evangelium
936 1365 1096 1452 Joannie,
1113 1365 1173 1439 lib.
1191 1383 1261 1438 vn.
1355 1451 1361 1457 ,

625 1499 669 1572 In
686 1498 860 1597 Epistolaa
878 1499 921 1571 D.
940 1497 1053 1584 Pauli,
1070 1497 1130 1572 lib.
1149 1516 1232 1569 ΧΠ.

625 1631 681 1705 De
698 1630 847 1706 Artibus
863 1631 1092 1715 Liberalibus,
1110 1629 1171 1704 lib.
1194 1649 1235 1702 11.

624 1760 802 1836 Homiline
819 1765 894 1835 254
911 1759 1121 1845 noeman,
1138 1759 1199 1834 lib.
1218 1780 1243 1832 1.

519 1972 521 1976 ,
625 1892 684 1966 Ad
701 1893 929 1981 Quaestiones
945 1888 1123 1990 moligio,
1141 1890 1200 1965 lib.
1219 1911 1243 1963 1.

624 2023 683 2098 Ad
700 2025 877 2133 Eulaliam
894 2026 938 2099 de
955 2023 1108 2098 Ratione
1126 2022 1287 2110 Animae,
1305 2022 1365 2097 lib.
1384 2043 1408 2095 1.

625 2156 669 2230 In
685 2156 858 2245 Genefim,
876 2158 936 2232 lib.
954 2178 979 2230 1.

626 2288 669 2363 ln
686 2288 921 2375 Eoolefiallen,
941 2289 1001 2363 lib.
1020 2310 1044 2361 1.

625 2422 683 2496 Ad
700 2421 905 2521 Discipulos,
925 2420 1104 2519 Dialogua
1123 2421 1183 2494 lib.
1201 2439 1227 2491 1.

623 2550 853 2631 Enohiridion
870 2554 907 2628 in
925 2552 1133 2652 quibusdam
1149 2549 1239 2625 Psal
1257 2548 1316 2622 lib.
1334 2569 1359 2620 a

625 2682 880 2759 Commentarii
897 2685 934 2757 in
951 2695 1144 2780 utrumque
1160 2681 1430 2768 Testamentum,
1448 2680 1509 2756 lib.
1526 2682 1619 2779 plur.

475 2811 525 2889 Et
551 2813 623 2890 alia
654 2815 842 2912 permulta,
872 2839 1024 2913 quorum
1056 2813 1281 2889 numerosum
1308 2814 1510 2913 catalogum
1539 2815 1621 2888 vide
1646 2815 1743 2913 apud
1771 2816 1930 2890 nostrum

475 2945 520 3018 de
562 2944 803 3045 Sorlptoribue
839 2948 976 3022 nostrae
1013 2944 1131 3045 gentis
1168 2948 1374 3021 trattatum.
1442 2947 1581 3022 Clamit
1621 2970 1716 3022 anno
1754 2948 1929 3024 inwmti

475 3072 618 3153 Maffiae
636 3078 717 3166 790,
735 3090 908 3178 regname
924 3080 961 3153 in
979 3078 1100 3154 Sootia
1115 3077 1261 3152 Achaia.

865 3380 868 3384 ‡
903 3343 969 3417 DE
994 3342 1207 3418 CLAUDIO
1232 3339 1498 3416 CLEMENTE.

479 3600 675 3676 canemus
716 3601 905 3686 Cumana
947 3599 1089 3674 illustris
1128 3603 1268 3699 generis
1310 3604 1446 3689 Scotua
1485 3605 1680 3680 monachus
1720 3608 1854 3684 ordinis
1894 3611 1932 3685 S.

477 3728 675 3820 Benedioti,
701 3732 891 3832 discipulus
917 3733 1105 3832 quondam,
1131 3742 1173 3807 ut
1197 3733 1326 3821 ferunt
1352 3732 1473 3811 Bedae
1503 3736 1541 3810 in
1565 3734 1707 3835 Anglii,
1730 3748 1770 3813 et
1794 3739 1933 3840 oollega

476 3866 619 3940 Alotnini
644 3866 789 3941 Levitae
817 3877 855 3942 et
884 3866 1033 3953 abbatie,
1058 3866 1146 3941 item
1173 3866 1324 3942 Joannia
1347 3865 1523 3954 Mailrolii
1549 3867 1638 3943 aliae
1662 3869 1771 3957 Stati,
1794 3882 1834 3947 et
1858 3873 1932 3950 lla-

475 3998 559 4073 omi
592 3998 720 4085 Mauri,
754 3997 850 4074 illius
881 3998 920 4072 in
953 3997 1130 4098 legatione
1162 3998 1208 4072 ad
1240 3996 1408 4074 Gal-olum
1441 3999 1624 4099 Magnum,
1655 4024 1723 4099 pro
1754 4004 1931 4081 firmando
2071 4047 2073 4050 >

456 4130 571 4206 'inter
599 4130 722 4207 Gallos
748 4143 788 4207 et
817 4133 942 4207 Sontas
971 4132 1135 4217 foedera·
1159 4127 1347 4204 Titinenfis
1374 4129 1589 4205 Academiae
1620 4130 1799 4220 fundator,
1823 4145 1863 4210 et
1890 4136 1931 4211 in

475 4261 658 4338 senonum
687 4261 965 4340 Altiliodorenlie
988 4259 1179 4362 episcopus.
1230 4259 1445 4338 Smetiffimi
1473 4262 1594 4339 Bedae
1616 4263 1810 4364 prelbyteri
1838 4266 1931 4344 salu·
2002 4256 2007 4269 ⁸

474 4393 653 4469 bunun
672 4394 918 4470 alermum
943 4402 982 4468 a
1009 4391 1096 4469 mua
1120 4390 1277 4468 noum
1301 4393 1561 4493 frequentata
1586 4362 1771 4471 uta-rum
1792 4398 1928 4496 etipse

475 4523 609 4611 avidus,
626 4526 683 4600 vir
705 4527 745 4601 in
767 4524 895 4601 divinia
918 4523 1111 4623 Scriptura
1134 4523 1237 4600 vulda
1259 4524 1429 4600 studiolua
1449 4534 1488 4601 et
1510 4525 1680 4612 eruditus,
1703 4536 1741 4601 et
1760 4527 1928 4607 secularia

475 4657 660 4735 emuna
687 4682 760 4735 non
786 4659 941 4758 ignarus,
967 4657 1123 4734 ommino
1150 4655 1365 4734 exercitatum
1392 4667 1431 4731 et
1456 4655 1567 4756 prosa,
1596 4667 1749 4757 unaque
1775 4659 1927 4759 philoso-

474 4789 569 4890 plaia
603 4788 724 4867 divim
751 4801 790 4868 at
818 4789 983 4877 humana,
1008 4784 1299 4876 imuuaiffimua,
1323 4786 1465 4887 eloquio
1493 4787 1674 4877 faonndua
1703 4790 1742 4865 in
1762 4791 1926 4891 judican-
