4448 5964
783 518 848 581 DE
881 517 1227 584 SCRIPTORIBUS
1261 517 1431 582 SCOTlS.

820 871 885 945 DE
910 870 1102 946 JOANNE
1128 868 1395 944 CUNIGAMO.

379 1106 555 1179 Jonunns
602 1104 842 1189 cumeanus,
887 1101 1021 1176 ordinis
1076 1100 1309 1175 Carmelitani
1349 1100 1545 1176 monachus
1587 1100 1624 1173 in
1666 1101 1841 1176 coenobio

381 1233 657 1334 Gippeswecensr
690 1235 880 1311 comitatus
909 1231 1138 1319 Suffolcensrs
1170 1233 1205 1306 S.
1233 1232 1434 1331 theologiae
1464 1232 1592 1307 doceor
1622 1231 1839 1318 Oxonienfis,

381 1379 417 1442 et
451 1369 597 1443 tandem
625 1367 736 1444 totius
764 1367 898 1442 ordinis
926 1367 979 1441 sui
1007 1391 1072 1465 per
1107 1365 1275 1463 Angliam
1304 1375 1341 1438 et
1372 1364 1582 1439 Hiberniam
1614 1365 1842 1463 provincialis

309 1499 314 1508 ’
380 1499 560 1574 vicesimus
584 1500 721 1598 primus
744 1500 791 1573 ad
815 1524 927 1573 annos
952 1498 1118 1597 quinque,
1136 1495 1280 1569 natione
1306 1495 1443 1581 Scotus,
1463 1496 1500 1569 in
1517 1496 1663 1571 sarisa
1686 1496 1841 1572 honestis

380 1632 588 1729 parentibus
616 1631 796 1716 oriundus,
830 1629 1031 1706 adolescens
1060 1632 1173 1703 bonae
1203 1626 1332 1701 indolis
1361 1652 1433 1702 non
1462 1628 1569 1702 modo
1603 1628 1839 1727 eloquentiae,

380 1788 504 1839 verum
537 1763 647 1839 etiam
680 1762 897 1837 naturalium
930 1787 1051 1836 rerum
1084 1759 1278 1858 cognitioni
1311 1759 1475 1836 adhibuit
1508 1785 1677 1859 operam3
1718 1761 1840 1859 postea

380 1896 554 1971 maturior
601 1896 703 1971 annis
742 1895 936 1987 studiorum
981 1894 1100 1969 ardori
1154 1891 1243 1966 nihil
1290 1889 1431 1979 remisit,
1482 1890 1542 1967 sed
1589 1892 1627 1966 in
1669 1891 1840 1990 Angliam

381 2027 532 2102 vicinam
565 2025 707 2124 ejusque
739 2025 956 2101 academiam
990 2025 1169 2099 Oxonium
1202 2023 1353 2124 impiger
1384 2024 1419 2099 se
1449 2025 1611 2111 contulit,
1650 2024 1839 2100 ulteriores

380 2158 513 2258 ingenii
537 2158 656 2236 cultus
679 2157 841 2256 capiendi
868 2154 979 2231 causa
1048 2156 1117 2230 Hic
1146 2155 1255 2255 igitur
1283 2157 1344 2231 ille
1373 2156 1494 2231 studiis
1523 2156 1729 2231 liberalibus
1758 2180 1839 2233 eam

381 2292 533 2367 navabat
566 2313 721 2387 operam,
760 2299 802 2363 ut-
840 2288 935 2363 inter
967 2287 1207 2386 philosophiae
1241 2291 1448 2365 candidatos
1486 2291 1686 2388 complures
1719 2290 1838 2365 locum

381 2420 653 2519 consequeretur
681 2420 846 2518 primum.
899 2419 1143 2494 Renunciatus
1169 2432 1291 2496 autem
1316 2422 1451 2496 solenni
1477 2421 1739 2497 academiarum
1763 2421 1839 2497 ritu

380 2554 512 2629 artium
547 2553 762 2652 optimarum
801 2552 974 2651 magister,
1010 2553 1073 2627 uni
1114 2553 1280 2651 deinceps
1318 2553 1518 2652 theologiae
1552 2553 1587 2627 se
1624 2564 1743 2627 totum
1777 2553 1839 2629 de-

381 2688 480 2773 didit,
524 2686 772 2785 philosophicis
805 2685 949 2761 interim
981 2685 1102 2761 studiis
1135 2685 1224 2758 nihil
1256 2696 1320 2760 aut
1352 2711 1480 2785 parum
1513 2685 1725 2772 remittens;
1770 2710 1839 2761 nec

380 2821 494 2894 multo
523 2819 598 2916 post
624 2828 785 2915 tempore
814 2817 987 2892 summam
1014 2818 1051 2890 in
1080 2827 1232 2915 utraque
1260 2815 1407 2894 scientia
1434 2817 1599 2916 peritiam
1629 2816 1838 2892 consecutus

381 2951 438 3025 ell.
490 2950 555 3023 Vir
578 2949 755 3048 spesdatae
777 2959 856 3022 tum
880 2948 1089 3023 eruditionis
1110 2959 1189 3026 tum
1212 2949 1365 3047 pietatis,
1393 2960 1430 3025 et
1456 2949 1683 3048 philosophus
1706 2950 1836 3048 gravis,

381 3083 567 3180 theologus
599 3081 751 3167 sanans,
790 3081 933 3179 ingenio
971 3091 1106 3167 acutus,
1141 3082 1178 3155 in
1212 3084 1319 3157 rebus
1353 3082 1579 3157 discutiendis
1611 3081 1757 3169 subtilis,
1798 3083 1836 3156 in

381 3212 613 3311 dijudicandis
639 3211 777 3297 solidus,
804 3212 960 3309 prudens
988 3211 1139 3298 consilio,
1167 3212 1204 3286 in
1233 3214 1371 3312 agendo
1396 3215 1531 3301 dexter,
1559 3214 1656 3288 omni
1681 3213 1837 3312 denique

381 3344 597 3443 optimarum
638 3343 822 3418 literarum
855 3342 1074 3441 supellestile
1107 3345 1248 3444 egregie
1281 3345 1481 3433 instructus,
1514 3346 1646 3445 partim
1682 3346 1835 3433 virtutis,

380 3477 512 3577 partim
554 3477 737 3552 doetrinae
776 3476 893 3562 titulo,
937 3477 1031 3551 inter
1070 3476 1224 3552 lirmmos
1265 3478 1451 3553 literarum
1492 3479 1664 3554 antistites
1710 3480 1838 3577 reponi

381 3609 522 3683 meruit.
596 3608 760 3683 Patronis
799 3607 1055 3684 excellentibus
1096 3607 1187 3695 usus,
1226 3609 1416 3708 praecipue
1454 3635 1539 3688 vero
1571 3611 1711 3686 Joanne
1745 3611 1838 3687 Lau·

381 3740 525 3815 castriae
555 3750 591 3815 et
619 3740 834 3837 Aquitaniae
861 3741 972 3816 duce:
1002 3766 1108 3840 quem
1138 3741 1246 3816 etiam
1271 3742 1318 3815 ad
1342 3742 1436 3816 vitae
1461 3743 1570 3817 finem
1599 3742 1660 3817 libi
1691 3752 1728 3817 et
1753 3767 1838 3817 con-

375 3873 454 3972 jugi
479 3899 502 3947 a
527 3869 776 3947 confessionum
799 3872 941 3948 secretis
961 3874 1054 3949 fecit.
1106 3872 1175 3946 Hic
1201 3871 1310 3947 etiam
1332 3872 1469 3969 primus
1493 3871 1592 3948 suilse
1616 3873 1835 3972 perhibetur,

381 4033 404 4080 a
427 4006 586 4082 Valdeno
609 4005 647 4077 in
672 4004 896 4079 Zizaniorum
923 4004 1112 4092 Fasciculo,
1135 4004 1197 4102 qui
1221 4004 1258 4077 in
1281 4028 1426 4079 arenam
1452 4004 1734 4081 scholasticorum
1759 4032 1836 4082 cer-

381 4137 556 4212 taminum
581 4147 706 4212 contra
731 4136 928 4211 Wiclevum
953 4137 1143 4223 descendit,
1166 4134 1262 4232 quod
1285 4135 1429 4234 quidem
1456 4138 1610 4213 modeste
1635 4149 1672 4213 et
1699 4137 1837 4215 summo

382 4271 418 4342 in
453 4269 601 4343 dicendo
639 4269 791 4344 candore
830 4269 924 4356 fecit,
966 4269 1161 4347 admiratus
1194 4266 1232 4340 in
1265 4292 1309 4342 eo
1342 4268 1526 4346 cosmae
1560 4271 1834 4346 excellentiam:

382 4427 446 4476 nec
485 4401 616 4477 limites
652 4400 902 4500 egrediebatur
939 4402 1117 4477 Wiclevus
1155 4395 1320 4485 vicillim3
1355 4410 1397 4474 ut
1434 4401 1569 4476 reatus
1603 4403 1749 4477 tandem
1783 4401 1836 4478 ss·

380 4542 491 4631 peret,
519 4530 702 4609 instantius
733 4531 926 4606 Dominum
954 4532 1176 4629 precabatur.
1238 4533 1307 4608 Hic
1331 4546 1451 4610 autem
1480 4537 1639 4612 loannes
1666 4538 1835 4614 literariis

379 4661 618 4738 monumentis
649 4662 748 4737 suam
782 4662 913 4737 famam
947 4660 1094 4760 posteris
1129 4666 1415 4755 commendavit3
1449 4669 1544 4746 inter
1577 4670 1648 4746 alia
1680 4695 1837 4769 namque.

379 4794 533 4894 plurima
549 4818 657 4893 opera
673 4795 763 4870 haec
780 4793 961 4892 sequentia
977 4794 1015 4867 in
1031 4794 1147 4870 lucem
1164 4795 1295 4871 emisit:
1419 4860 1427 4875 ,
