4470 5962
712 537 777 604 Du
801 537 1147 605 SCRIPTORIBUS
1170 538 1339 605 SGOTIS.
1707 548 1752 615 89

295 729 422 815 sactua,
452 726 585 826 partim
613 725 831 825 astrologiae,
861 725 994 824 partim
1019 726 1227 813 medicinae,
1260 738 1298 802 et
1321 728 1454 826 partim
1480 729 1590 806 etiam
1617 731 1754 807 theolo-

294 861 376 960 giae
404 859 440 935 se
470 859 615 935 dedidit.
682 861 727 934 ln
753 858 918 934 omnibus
943 869 1065 934 autem
1091 859 1185 935 hisee
1210 860 1333 935 studiis
1358 869 1500 936 tantum
1528 862 1688 961 profecit,
1713 876 1755 939 ut

293 1004 415 1072 aetate
446 993 509 1070 sua
538 993 599 1069 rix
626 1019 751 1092 parem
780 994 815 1069 ei
839 995 1050 1092 produxerit
1079 992 1198 1069 Gallia
1230 1004 1293 1070 aut
1327 995 1524 1071 Britannia
1591 997 1755 1096 Denique

295 1128 444 1204 scientia
464 1129 564 1204 varia
587 1128 790 1214 instructus,
806 1127 845 1202 in
870 1128 1028 1204 Scotiam
1052 1128 1100 1202 ad
1123 1124 1203 1201 suos
1227 1127 1277 1201 est
1301 1126 1481 1203 reversus:
1507 1153 1591 1204 cum
1614 1140 1757 1206 caetera

295 1260 432 1360 ingenii
464 1262 691 1348 dexteritate,
723 1271 803 1336 tum
832 1261 998 1337 scientiae
1030 1283 1152 1334 rerum
1185 1258 1385 1335 caelestium
1412 1261 1622 1358 jactatione,
1656 1262 1756 1338 brevi

296 1395 336 1471 in
361 1394 560 1470 auboorum
582 1394 736 1494 gratiam
763 1394 800 1468 se
822 1392 1019 1469 insinuavit.
1069 1390 1125 1466 Ea
1149 1415 1207 1465 res
1230 1415 1400 1490 magnum
1428 1393 1462 1467 ei
1485 1394 1644 1470 savorem
1673 1420 1756 1470 con-

298 1526 442 1614 ciliarit,
480 1528 579 1625 quod
610 1527 694 1602 aula
727 1527 894 1602 omnibus
928 1524 1110 1601 divinandi
1140 1524 1332 1624 generibus
1363 1535 1442 1599 tum
1475 1524 1586 1624 usque
1619 1528 1666 1603 ad
1704 1529 1758 1602 in·

298 1659 433 1736 saniam
471 1660 594 1736 dedita
632 1671 746 1737 erat:
788 1658 964 1736 Seueffiue
1004 1660 1124 1759 igitur,
1163 1660 1298 1758 ingenii
1331 1660 1526 1736 acrimonia
1562 1673 1600 1738 et
1641 1664 1758 1740 aulica

298 1795 417 1894 gratia
457 1795 599 1882 florana
638 1794 738 1871 brevi
780 1793 1051 1870 archidiaconus
1088 1792 1180 1868 Fani
1212 1793 1378 1868 Andreae
1412 1792 1623 1894 defignaurr.
1683 1798 1757 1872 Nec

299 1928 415 2003 multo
439 1928 516 2026 post
544 1938 717 2026 tempore,
747 1924 870 2003 misius
895 1926 946 2002 est
973 1952 997 2001 a
1022 1925 1131 2025 xysto
1161 1926 1299 2014 erto
1327 1950 1420 2026 papa
1448 1927 1486 2002 in
1519 1927 1675 2004 Scotiam
1709 1932 1758 2004 le-

300 2071 415 2161 gatus,
457 2060 686 2136 Hnsmannus
729 2061 856 2147 dictae,
899 2059 962 2160 qui
999 2057 1195 2135 Patricium
1241 2059 1471 2146 Grabamum,
1511 2060 1547 2135 S.
1591 2062 1757 2138 Andreae

301 2193 613 2294 ardiiepiscopum,
638 2219 752 2294 papae
778 2192 1085 2290 cardinaliumque
1108 2189 1292 2267 sententiis
1316 2191 1534 2280 damnatum,
1560 2193 1658 2269 omni
1683 2194 1759 2294 dig·

301 2329 426 2415 nitate,
451 2326 702 2427 ordinibusque
727 2325 963 2404 ecclesiasticis
990 2324 1169 2425 dejiceret,
1198 2349 1243 2399 ac
1270 2322 1428 2412 schisma,
1452 2323 1644 2414 simoniam,
1674 2328 1760 2403 alia·

302 2483 374 2558 que
406 2484 499 2560 quae
533 2461 571 2535 in
603 2459 639 2535 se
672 2459 812 2536 admisit
848 2459 981 2535 scelera
1011 2466 1185 2556 perpetuo
1218 2480 1361 2532 carcere
1396 2458 1569 2534 vindicari
1603 2460 1758 2558 juberet.

303 2594 421 2694 Hnjru
453 2594 521 2668 viri
553 2594 659 2692 longe
691 2593 923 2680 celeberrimi,
957 2591 1187 2686 omniumque
1223 2588 1398 2664 virtutum
1431 2591 1575 2665 nomine
1608 2601 1645 2666 et
1678 2592 1761 2666 doc

302 2724 419 2801 uiuae
447 2725 603 2800 multum
630 2724 839 2812 honorandi,
864 2725 949 2800 licet
972 2724 1033 2798 bic
1056 2723 1102 2797 ab
1128 2721 1280 2797 inimicia
1307 2719 1377 2796 suis
1403 2721 1524 2820 inique
1553 2724 1761 2799 criminatus

303 2855 399 2944 effes,
442 2858 556 2956 hujus,
595 2858 753 2956 inquam,
794 2856 863 2930 viri
904 2856 983 2931 loeo
1024 2855 1188 2929 substitus
1230 2854 1280 2928 est
1319 2853 1532 2930 Guilielmus
1576 2855 1759 2943 Seueslius,

304 2991 405 3090 cujus
437 2991 521 3066 fidei
553 3016 596 3066 ac
627 2989 802 3066 custodiae
835 2989 1012 3064 Patricius
1042 2988 1272 3064 meditandus
1304 2988 1550 3063 committitur.
1614 2990 1762 3065 Guiliel-

304 3146 386 3198 mue
402 3133 525 3198 autem
540 3122 648 3221 paulo
667 3122 752 3220 post,
770 3121 960 3196 Dominica
974 3118 1138 3220 passionis
1158 3119 1434 3221 quadragesima,
1452 3122 1578 3199 Sancti
1594 3125 1760 3200 Andreae

305 3255 588 3355 archiepiscopus
612 3255 846 3354 inauguratus
871 3254 910 3328 in
935 3255 1071 3352 templo
1104 3254 1140 3328 S.
1173 3253 1299 3329 Crucis
1331 3254 1541 3354 Edinburgi,
1579 3255 1762 3354 praesente

307 3412 391 3488 rege
424 3387 614 3486 multisque
647 3388 863 3485 proceribus,
897 3386 1018 3485 ibique
1050 3388 1200 3486 pallium
1237 3399 1410 3486 tanquam
1442 3388 1762 3488 archiepiscopatur
1804 3364 1807 3371 ¹

308 3520 361 3597 sui
376 3522 511 3622 insigne
529 3520 676 3618 accepit,
693 3519 894 3618 primasque
911 3530 950 3594 et
965 3519 1066 3618 regni
1082 3520 1221 3619 legatus
1238 3520 1451 3596 declaratur.
1503 3520 1648 3620 Scripsit

457 3652 605 3728 Librum
621 3651 666 3726 de
683 3650 943 3749 donjunaione
960 3651 1125 3726 Siderum
1142 3662 1180 3727 et
1196 3652 1436 3729 Planetarum.

458 3786 514 3861 De
531 3784 678 3860 Futurie
694 3783 971 3859 Praenoscendis
986 3783 1128 3858 librum.

310 3915 454 4017 Scripsit
478 3915 713 3993 Genethliaoa
737 3915 916 3991 variorum
941 3915 1148 4004 Hominum,
1174 3928 1212 3993 et
1235 3918 1308 3994 alia
1330 3919 1456 3994 multa
1507 3920 1647 3996 Clamit
1671 3944 1764 3996 auno

310 4051 388 4152 post
402 4050 560 4151 Virginis
575 4061 719 4148 partum
739 4047 847 4136 1479,
864 4060 1036 4148 regnante
1052 4048 1090 4124 in
1107 4050 1229 4127 Scotia
1243 4052 1382 4127 Jacobo
1398 4052 1528 4128 Tertio.

676 4348 743 4422 DE
768 4346 1038 4424 GUILIELMO
1063 4347 1409 4427 ELPHINS'PONO.

314 4583 558 4657 ammanus
588 4580 892 4667 Enrnmeronun
925 4577 1185 4655 Aberdonensia
1217 4580 1419 4681 Episcopus,
1452 4580 1596 4659 illustria
1627 4588 1767 4684 generis

315 4713 452 4800 Scotua,
475 4711 587 4786 totius
612 4711 721 4785 etiam
747 4710 849 4809 regni
869 4710 1011 4786 scotiae
1035 4711 1275 4799 cancellarius,
1302 4723 1341 4790 et
1361 4714 1487 4790 secreti
1515 4714 1617 4817 sigilli
1644 4718 1765 4806 custos,

315 4846 370 4923 vir
395 4846 435 4922 in
460 4846 626 4922 omnibus
651 4842 860 4921 liberalibus
884 4843 1023 4923 artilm
1048 4847 1140 4927 bene
1165 4846 1337 4925 educatur
1361 4849 1409 4924 ab
1433 4849 1670 4929 adolescentia
1698 4852 1767 4938 sua,

1593 4975 1619 5026 u
