4448 5964
377 539 422 622 78
784 540 849 605 DE
883 539 1228 609 SCRIPTORIBUS
1262 540 1431 608 SCOTIS.

380 728 496 803 nostro
529 729 574 803 de
606 729 845 827 scriptoribus
878 729 1014 803 nostrae
1048 729 1183 815 centa
1213 741 1335 828 spese
1365 741 1403 804 a
1431 694 1588 815 anule,
1618 731 1698 804 luce
1731 731 1840 806 mari.

380 862 485 936 diana
514 861 652 948 clarius,
681 861 779 936 haud
808 861 998 935 difficulter
1025 861 1348 937 demonstrabimus.
1401 875 1421 905 “
1434 863 1540 937 Hunc
1566 863 1756 961 puellum,”
1786 865 1841 939 ita

380 995 476 1068 enim
509 994 668 1092 loquitur
699 995 856 1069 Joannes
884 994 999 1092 Major
1027 993 1065 1067 in
1093 993 1154 1068 lib.
1185 1017 1238 1069 rv.
1271 1006 1309 1071 et
1342 1021 1417 1095 cap.
1452 1018 1534 1070 xvn
1568 997 1613 1071 de
1647 996 1839 1072 Scotorum

380 1126 503 1213 Gestis,
540 1127 610 1200 “in
638 1126 878 1226 grammaticis
910 1125 1091 1200 initiatum
1124 1126 1171 1199 ad
1205 1126 1381 1200 Oxoniam
1411 1126 1482 1200 duo
1519 1126 1648 1202 fratres
1680 1128 1841 1203 Minores

382 1258 479 1332 Scoti
514 1259 703 1344 duxerunt,
734 1257 818 1356 quia
850 1267 1011 1357 tempore
1044 1256 1107 1330 illo
1140 1258 1179 1333 in
1212 1258 1333 1333 Scotia
1364 1259 1463 1333 nulla
1496 1270 1574 1334 erat
1607 1258 1838 1346 nniverfitas3

381 1400 418 1464 et
455 1391 493 1464 in
534 1391 715 1465 Minorum
749 1375 926 1465 conventu
965 1389 1077 1489 gratis
1118 1389 1262 1464 istorum
1296 1391 1448 1465 duorum
1488 1391 1640 1466 fratrum
1677 1392 1840 1467 Oxoniae

382 1523 606 1598 conversatus
638 1522 735 1597 beati
772 1521 949 1596 Francisci
983 1522 1192 1621 religionem
1224 1520 1395 1620 proselsus
1428 1523 1476 1598 est
1494 1528 1523 1609 ;’'
1557 1534 1594 1598 et
1623 1523 1756 1599 ibidem
1790 1525 1842 1600 est

382 1662 528 1729 vocatus
551 1678 575 1728 a
601 1653 771 1728 fratribus
795 1654 842 1727 ad
865 1652 1066 1753 theologiae
1090 1650 1346 1752 profeffionem.
1410 1654 1469 1730 Sic
1494 1654 1654 1731 Oxoniae
1678 1657 1841 1755 profecit,

382 1795 423 1859 ut
465 1786 502 1859 in
543 1783 781 1884 metaphysica
820 1794 857 1859 et
895 1783 934 1860 in
973 1795 1126 1882 quatuor
1160 1785 1424 1861 Sententiarum
1465 1787 1575 1863 libros
1607 1798 1842 1864 monumenta

381 1917 536 1993 lectione
560 1917 667 2016 digna
690 1916 836 2015 posteris
861 1914 1055 2014 reliquerit,
1079 1917 1175 2015 quod
1199 1915 1368 2016 scriptum
1391 1944 1481 2017 opus
1505 1920 1743 2017 anglicanum
1767 1918 1841 1994 five

384 2048 580 2124 Oxoniense
605 2048 713 2147 vulgo
741 2046 881 2122 dicitur.
932 2047 1057 2123 Postea
1085 2075 1108 2123 a
1136 2050 1306 2127 fratribus
1337 2053 1563 2129 Minoritanis
1592 2052 1842 2130 Parilienlibus

384 2191 538 2267 vocatus
568 2183 614 2255 ab
641 2179 775 2254 ordinis
800 2177 957 2278 generali
986 2178 1161 2256 Gonsalvo
1196 2184 1340 2259 Tolosae
1369 2185 1407 2259 in
1440 2184 1596 2285 capitulo
1632 2184 1844 2263 constitutus

384 2338 512 2411 regens
553 2310 613 2387 seu
656 2309 826 2411 proselsor
867 2309 1098 2398 Pariliensrs;
1141 2315 1203 2388 ubi
1243 2316 1287 2390 de
1328 2342 1420 2391 novo
1460 2316 1660 2416 theologiae
1699 2316 1842 2394 cursum

385 2446 514 2530 docuit,
549 2456 657 2543 atque
690 2444 822 2518 ibidem
856 2442 1032 2518 ledturam
1065 2444 1172 2519 aliam
1205 2447 1243 2521 in
1278 2448 1489 2534 Sententiae,
1523 2449 1644 2548 priore
1681 2461 1844 2528 contrac-

385 2581 513 2654 tiorem
547 2591 585 2655 et
613 2579 727 2676 magis
754 2576 970 2676 frugiferam,
1000 2576 1121 2651 edidit.
1189 2580 1308 2654 Tertio
1341 2583 1487 2657 tandem
1516 2582 1684 2658 Coloniae
1713 2584 1843 2683 Agrip-

385 2714 489 2813 pinae
515 2713 611 2788 idem
638 2710 812 2811 praestitit
836 2709 1039 2822 incredibili
1068 2735 1149 2785 cum
1178 2714 1382 2789 auditorum
1414 2714 1592 2814 applausu,
1622 2716 1842 2816 theologiam

385 2846 554 2946 fiquidem
587 2843 826 2920 scholasticam
858 2843 981 2918 multis
1012 2843 1266 2922 subtilitatibus
1305 2845 1485 2945 exquisitis
1516 2847 1626 2923 auxit.
1703 2848 1770 2923 Vir
1803 2850 1842 2923 in

386 2979 514 3053 divinis
541 2977 735 3077 Scripturis
764 2975 933 3051 studiosus
960 2986 997 3050 et
1028 2976 1197 3062 eruditus,
1228 2988 1265 3050 et
1299 2977 1337 3051 in
1370 2976 1590 3076 philosophia
1619 2979 1844 3055 Anstoteliea

387 3109 612 3199 dodlillimus,
636 3121 744 3209 atque
772 3109 862 3184 adeo
886 3109 1092 3207 profundus,
1118 3120 1160 3183 ut
1186 3110 1262 3208 ejus
1286 3109 1416 3208 scripta
1439 3111 1562 3208 paucis
1586 3109 1652 3185 lint
1677 3123 1843 3210 penetra-

386 3245 480 3332 bilia,
503 3254 542 3320 et
564 3246 611 3320 ob
640 3245 677 3318 id
703 3266 844 3340 quoque
866 3242 985 3316 minus
1011 3240 1147 3316 usitata.
1193 3243 1329 3316 Ferunt
1354 3241 1455 3316 illum
1480 3242 1574 3316 diem
1601 3243 1781 3342 integrum
1805 3255 1842 3319 et

386 3377 537 3476 amplius
568 3372 690 3450 sedisse
720 3373 840 3473 sopitis
867 3372 1028 3448 senlibus.
1096 3374 1166 3462 Qui
1193 3385 1314 3448 autem
1339 3374 1550 3471 quaestionis
1576 3375 1725 3475 alicujus
1758 3377 1842 3451 inti-

385 3535 481 3584 mam
510 3509 685 3585 rationem
710 3508 757 3583 ad
783 3507 904 3581 vivum
931 3506 1091 3581 resecant
1114 3530 1156 3581 ac
1181 3504 1344 3581 subtilius
1368 3504 1643 3605 perscrutantur,
1672 3508 1842 3584 Scotistae

384 3641 520 3716 summa
546 3640 639 3716 tanti
667 3638 800 3738 ingenii
827 3639 932 3713 laude
959 3647 1157 3725 vocantur;
1187 3637 1283 3737 quasr
1308 3638 1397 3713 nihil
1427 3638 1469 3713 s1t
1500 3640 1537 3712 in
1566 3650 1668 3716 tanta
1692 3641 1843 3717 difficul-

386 3784 462 3848 tate
504 3772 746 3870 interseptum,
789 3780 852 3844 aut
893 3779 969 3844 tam
1009 3768 1115 3843 densa
1157 3771 1307 3871 caligine
1352 3771 1561 3858 involutum,
1604 3775 1699 3872 quod
1742 3775 1842 3851 Scoti

385 3906 567 4005 ingenium
600 3929 672 3977 non
707 3912 873 4001 potuerat
911 3903 1053 4000 penitus
1089 3903 1259 4000 inspicere
1295 3928 1337 3977 ae
1375 3902 1470 3977 clare
1504 3903 1652 4001 aperire.
1704 3905 1841 3982 Verum

385 4038 567 4113 enimvero
593 4034 878 4133 quandoquidem
908 4034 1014 4133 hujus
1043 4034 1110 4107 viri
1139 4033 1339 4107 encomium
1368 4034 1502 4110 mundo
1530 4034 1739 4133 patefacere,
1767 4061 1840 4111 non

386 4172 484 4248 aliud
509 4168 595 4246 effet
624 4194 731 4267 quam
762 4165 824 4241 soli
854 4166 969 4241 lucem
996 4168 1189 4251 foenerare,
1219 4163 1309 4242 sicco
1335 4177 1477 4242 tantum
1511 4168 1601 4265 pede
1627 4169 1702 4266 ejus
1732 4193 1842 4267 opera

386 4302 681 4403 pertranfibimus,
716 4323 891 4374 memores
924 4298 1010 4373 alias
1044 4299 1145 4373 nobis
1177 4299 1265 4373 haec
1297 4297 1404 4374 fusms
1432 4310 1469 4374 ot
1498 4300 1636 4396 plenius
1670 4303 1840 4379 enarrari.

385 4435 528 4535 Scripsit

392 4594 395 4599 ·
534 4567 651 4664 Super
669 4563 880 4649 Sententiae,
897 4562 958 4637 lib.
976 4584 1028 4636 ru.

489 4730 492 4737 ·
533 4691 1283 4796 In'MetaphyficamQuaestioneslib.x11.

536 4830 581 4904 In
596 4826 795 4904 Aristotelis
810 4822 965 4925 Phylica,
983 4823 1043 4901 lib.
1060 4844 1145 4901 vm.
