4470 5962
754 536 820 603 DE
854 535 1198 603 SCRIPTORIBUS
1231 535 1400 602 SGOTIS.

532 726 627 801 malo
655 722 868 809 intellettos,
897 734 936 798 et
970 721 1070 821 pejus
1098 723 1216 801 adhuc
1242 723 1504 822 interpretatos,
1537 722 1674 798 summa
1705 750 1789 800 oum

531 855 717 956 diligentia
732 866 770 931 et
785 853 959 930 fidelitate
975 853 1138 952 explicat

480 988 658 1088 Epistolas
674 998 712 1063 et
728 987 925 1074 Orationes,
943 987 1003 1062 lib.
1020 1008 1047 1060 1.
1064 996 1101 1061 et
1117 985 1198 1060 alia

332 1118 470 1195 Glarurit
485 1142 580 1194 anno
595 1119 672 1194 nati
688 1117 939 1216 Redemptoris
954 1117 1062 1192 nostri
1081 1121 1188 1206 1553,
1204 1118 1268 1196 sub
1285 1118 1409 1194 Maria.

746 1411 813 1486 DE
838 1411 1058 1488 alchano
1084 1410 1360 1490 MORYSONO.

327 1646 527 1720 Rlosaous
560 1643 807 1730 nonnosus,
841 1667 886 1717 ex
920 1641 1042 1717 Scotia
1069 1642 1223 1718 honestis
1255 1645 1463 1743 parentibus
1495 1655 1604 1730 ortus,
1639 1658 1675 1720 et
1708 1647 1781 1745 ipse

326 1774 445 1873 postea
470 1774 508 1848 in
540 1773 672 1872 Anglia
700 1772 869 1871 equestris
901 1770 1045 1848 ordinis
1122 1772 1192 1849 Hic
1217 1773 1419 1850 adolescens
1445 1775 1572 1875 pietati
1599 1787 1636 1849 et
1664 1778 1783 1851 erudi-

325 1906 416 1982 tioni
448 1916 639 2005 parentum
673 1929 760 1981 cura
791 1904 911 1981 sedulo
944 1903 1116 1990 incubuit,
1149 1912 1290 1980 tantum
1325 1915 1447 1981 autem
1485 1905 1523 1980 in
1564 1906 1781 1982 diversarum

325 2039 457 2113 artium
483 2037 636 2113 scientiis
665 2038 777 2113 studio
808 2063 850 2112 ac
879 2035 1064 2136 diligentia
1088 2062 1112 2111 a
1134 2039 1323 2136 juventute
1352 2037 1512 2137 profecit,
1541 2048 1583 2113 ut
1610 2037 1673 2114 suo
1701 2051 1781 2114 tan·

325 2170 405 2245 dem
430 2169 548 2244 seculo
574 2165 781 2244 clar-illimus
808 2168 1011 2244 haberetur.
1073 2170 1212 2246 Literna
1237 2194 1310 2244 non
1336 2193 1449 2268 parvo
1476 2169 1598 2246 labore
1624 2171 1664 2244 in
1688 2173 1780 2246 cele·

324 2302 488 2376 berrimis
512 2302 624 2376 totius
649 2300 790 2375 Scotiae
816 2309 853 2375 et
883 2299 1034 2398 Angliae
1062 2299 1249 2399 gymnasiis
1277 2300 1398 2387 coluit,
1424 2301 1587 2398 artesque
1615 2301 1779 2379 liberales

324 2434 503 2520 edidicit3
550 2433 727 2507 culturam
769 2431 880 2506 etiam
925 2431 1023 2506 illam
1068 2432 1213 2531 copiosa
1253 2431 1369 2509 mellis
1410 2433 1559 2532 sequuta
1599 2435 1658 2510 est
1735 2438 1778 2511 In

324 2564 517 2664 Scripturis
545 2565 675 2640 sanstis
704 2589 726 2638 a
752 2562 906 2660 pueritia
933 2559 1193 2638 studiofiffimus
1218 2573 1256 2637 et
1282 2565 1437 2639 multum
1464 2565 1634 2652 eruditus.
1668 2579 1777 2666 atque

323 2699 361 2772 in
393 2695 612 2796 philosophia
642 2695 962 2793 Peripateticorum
989 2694 1079 2767 nulli
1109 2694 1171 2770 suo
1196 2705 1358 2796 tempore
1387 2696 1588 2785 seeundus;
1614 2697 1653 2772 in
1679 2701 1777 2774 omni

323 2831 497 2904 bonarum
524 2826 786 2926 disciplinarum
818 2850 949 2924 genere
982 2828 1028 2900 ab
1061 2825 1136 2923 ipsa
1161 2820 1352 2924 juventute
1380 2828 1515 2925 optime
1548 2827 1706 2904 versatus
1737 2842 1775 2904 et

323 2960 547 3046 exercitatus,
592 2959 687 3034 unde
732 2955 913 3056 progressu
959 2957 1130 3055 temporis
1174 2958 1298 3033 rhetor
1340 2957 1491 3059 insignis,
1534 2959 1692 3037 Graecae
1733 2987 1775 3036 ae

322 3090 469 3165 Latinae
518 3089 660 3189 linguae
708 3087 942 3187 peritiffimus,
988 3098 1109 3162 orator
1144 3088 1263 3166 wetiam
1303 3091 1477 3166 facundus
1518 3089 1637 3167 evasit.
1708 3093 1775 3167 His

322 3221 458 3297 addidit
490 3219 673 3319 utriusque
699 3219 801 3319 juris,
836 3230 874 3295 et
906 3219 1129 3294 historiarum
1168 3245 1191 3295 a
1228 3222 1372 3297 condito
1409 3223 1542 3297 mundo
1580 3223 1702 3311 studia,
1737 3227 1773 3298 in

322 3352 450 3450 quibus
488 3353 584 3428 haud
623 3352 781 3427 infelices
822 3351 955 3427 fecerat
997 3348 1205 3450 progressus.
1278 3352 1446 3428 Summae
1486 3352 1696 3428 eruditionis
1735 3369 1773 3429 et

321 3483 545 3582 eloquentiae
583 3483 725 3558 nomine
761 3484 855 3581 apud
888 3483 1056 3560 Carolum
1094 3484 1267 3570 Quintum
1299 3483 1544 3560 Romanorum
1576 3485 1772 3572 Gaesarem

316 3625 358 3689 >et
390 3613 479 3690 alios
519 3613 734 3691 Christianos
773 3615 959 3714 principes,
1001 3613 1153 3691 oratoris
1192 3638 1322 3687 munus
1359 3639 1430 3689 non
1468 3614 1575 3691 semel
1616 3617 1773 3692 maximo

321 3741 500 3830 om'niir'm.
520 3744 690 3845 applausu
727 3756 765 3820 et
807 3745 943 3821 summa
978 3770 1061 3820 oum
1102 3745 1315 3820 ‹lextemtroe
1356 3745 1512 3821 obibat:
1554 3745 1637 3820 hinc
1676 3751 1774 3846 apud

320 3900 444 3952 omnes
477 3876 574 3951 hand
612 3876 796 3974 vulgarem
835 3876 949 3953 inibat
983 3877 1146 3975 gratiam,
1184 3886 1331 3974 eratque
1372 3876 1448 3976 ejus
1482 3878 1578 3954 inter
1613 3878 1777 3956 hominos

321 4009 446 4086 dottos
471 4005 734 4084 illustrissimum
768 4033 924 4094 nomen;
958 4007 1133 4106 imprimis
1158 4030 1244 4082 vero
1272 4007 1429 4083 Henrico
1457 4006 1607 4096 octavo,
1633 4020 1672 4085 et
1699 4011 1777 4110 post

320 4166 403 4217 eum
444 4141 622 4216 Edwardo
655 4141 730 4239 sjus
767 4141 851 4226 filio,
887 4140 1086 4239 Anglorum
1124 4138 1278 4237 regibus,
1310 4162 1414 4217 carra
1444 4140 1522 4215 huit.
1598 4137 1689 4216 Erat
1720 4143 1777 4216 vir

320 4274 415 4348 vitae
457 4272 663 4370 integritate
706 4282 743 4347 et
784 4270 949 4369 smgulari
990 4270 1154 4346 doctrina
1196 4269 1412 4369 conspicuus,
1442 4271 1590 4347 ¹subtilis
1630 4272 1776 4372 ingenii,

319 4404 454 4482 tenacis
483 4404 687 4490 momoriae,
716 4404 763 4478 ad
789 4401 1007 4478 scholasticas
1031 4400 1312 4477 concertationes
1339 4401 1430 4476 mire
1457 4412 1602 4489 acutus3
1631 4427 1776 4480 omnem

320 4536 539 4613 humanioris
589 4536 795 4611 literaturae
843 4544 1019 4620 ornatum,
1060 4531 1326 4631 philosophiam,
1368 4532 1693 4632 jurisprudentiam,
1737 4548 1776 4609 et

319 4665 545 4769 theologiam,
579 4667 738 4769 apprIme
776 4665 924 4752 calluit3
956 4675 1059 4741 tanta
1090 4663 1144 4740 rei
1176 4663 1354 4740 literariao
1386 4663 1468 4752 sitis,
1501 4676 1623 4745 nnus
1661 4692 1775 4756 amor,
