<?xml version="1.0" encoding="UTF-8"?>
<!DOCTYPE html PUBLIC "-//W3C//DTD XHTML 1.0 Transitional//EN"
    "http://www.w3.org/TR/xhtml1/DTD/xhtml1-transitional.dtd">
<html xmlns="http://www.w3.org/1999/xhtml" xml:lang="en" lang="en">
 <head>
  <title>
</title>
<meta http-equiv="Content-Type" content="text/html;charset=utf-8" />
  <meta name='ocr-system' content='tesseract 3.04.00' />
  <meta name='ocr-capabilities' content='ocr_page ocr_carea ocr_par ocr_line ocrx_word'/>
</head>
<body>
  <div class='ocr_page' id='page_1' title='image "./davidisbuchanan00irvigoog_0032.png"; bbox 0 0 4448 5964; ppageno 0'>
   <div class='ocr_carea' id='block_1_1' title="bbox 642 519 1294 590">
    <p class='ocr_par' dir='ltr' id='par_1_1' title="bbox 642 519 1294 590">
     <span class='ocr_line' id='line_1_1' title="bbox 642 519 1294 590; baseline 0.003 -6"><span class='ocrx_word' id='word_1_1' title='bbox 642 519 707 585; x_wconf 82' lang='lat' dir='ltr'>DE</span> <span class='ocrx_word' id='word_1_2' title='bbox 750 521 1091 588; x_wconf 86' lang='lat' dir='ltr'>SCRIPTORIBUS</span> <span class='ocrx_word' id='word_1_3' title='bbox 1126 524 1294 590; x_wconf 83' lang='lat' dir='ltr'><strong>SCOTIS.</strong></span> 
     </span>
    </p>
   </div>
   <div class='ocr_carea' id='block_1_2' title="bbox 662 872 1276 949">
    <p class='ocr_par' dir='ltr' id='par_1_2' title="bbox 662 872 1276 949">
     <span class='ocr_line' id='line_1_2' title="bbox 662 872 1276 949; baseline 0.002 -4"><span class='ocrx_word' id='word_1_4' title='bbox 662 872 728 946; x_wconf 86' lang='lat' dir='ltr'>DE</span> <span class='ocrx_word' id='word_1_5' title='bbox 754 873 981 946; x_wconf 83' lang='lat' dir='ltr'>ROBERTO</span> <span class='ocrx_word' id='word_1_6' title='bbox 1006 874 1276 949; x_wconf 84' lang='lat' dir='ltr'><strong>LANGLAND.</strong></span> 
     </span>
    </p>
   </div>
   <div class='ocr_carea' id='block_1_3' title="bbox 241 1102 1694 2362">
    <p class='ocr_par' dir='ltr' id='par_1_3' title="bbox 242 1102 1694 1858">
     <span class='ocr_line' id='line_1_3' title="bbox 245 1102 1694 1200; baseline 0.001 -23"><span class='ocrx_word' id='word_1_7' title='bbox 245 1104 449 1178; x_wconf 70' lang='lat' dir='ltr'>Roaumus</span> <span class='ocrx_word' id='word_1_8' title='bbox 478 1102 698 1186; x_wconf 73' lang='lat' dir='ltr'>LANGLAND,</span> <span class='ocrx_word' id='word_1_9' title='bbox 728 1103 872 1177; x_wconf 90' lang='lat' dir='ltr'>natione</span> <span class='ocrx_word' id='word_1_10' title='bbox 901 1104 1037 1188; x_wconf 89' lang='lat' dir='ltr'>Scotus,</span> <span class='ocrx_word' id='word_1_11' title='bbox 1064 1102 1270 1200; x_wconf 86' lang='lat' dir='ltr'>proseffione</span> <span class='ocrx_word' id='word_1_12' title='bbox 1296 1104 1465 1188; x_wconf 80' lang='lat' dir='ltr'>sacerdos,</span> <span class='ocrx_word' id='word_1_13' title='bbox 1492 1104 1545 1177; x_wconf 88' lang='lat' dir='ltr'>vir</span> <span class='ocrx_word' id='word_1_14' title='bbox 1570 1126 1615 1178; x_wconf 85' lang='lat' dir='ltr'>ex</span> <span class='ocrx_word' id='word_1_15' title='bbox 1632 1107 1694 1178; x_wconf 82' lang='lat' dir='ltr'>ob-</span> 
     </span>
     <span class='ocr_line' id='line_1_4' title="bbox 245 1232 1693 1333; baseline 0.001 -25"><span class='ocrx_word' id='word_1_16' title='bbox 245 1234 353 1309; x_wconf 85' lang='lat' dir='ltr'>scuris</span> <span class='ocrx_word' id='word_1_17' title='bbox 382 1244 481 1307; x_wconf 92' lang='lat' dir='ltr'>ortus</span> <span class='ocrx_word' id='word_1_18' title='bbox 509 1232 724 1330; x_wconf 87' lang='lat' dir='ltr'>parentibus,</span> <span class='ocrx_word' id='word_1_19' title='bbox 748 1232 828 1330; x_wconf 89' lang='lat' dir='ltr'>pius</span> <span class='ocrx_word' id='word_1_20' title='bbox 854 1234 1045 1307; x_wconf 87' lang='lat' dir='ltr'><strong>admodum</strong></span> <span class='ocrx_word' id='word_1_21' title='bbox 1067 1245 1103 1308; x_wconf 94' lang='lat' dir='ltr'>et</span> <span class='ocrx_word' id='word_1_22' title='bbox 1140 1235 1348 1333; x_wconf 89' lang='lat' dir='ltr'>ingeniosus,</span> <span class='ocrx_word' id='word_1_23' title='bbox 1383 1247 1421 1310; x_wconf 86' lang='lat' dir='ltr'>et</span> <span class='ocrx_word' id='word_1_24' title='bbox 1448 1237 1524 1310; x_wconf 88' lang='lat' dir='ltr'>zelo</span> <span class='ocrx_word' id='word_1_25' title='bbox 1554 1236 1693 1310; x_wconf 87' lang='lat' dir='ltr'>divinae</span> 
     </span>
     <span class='ocr_line' id='line_1_5' title="bbox 244 1365 1693 1466; baseline 0.001 -27"><span class='ocrx_word' id='word_1_26' title='bbox 244 1367 378 1466; x_wconf 87' lang='lat' dir='ltr'>gloriae</span> <span class='ocrx_word' id='word_1_27' title='bbox 405 1365 541 1463; x_wconf 91' lang='lat' dir='ltr'>plenus,</span> <span class='ocrx_word' id='word_1_28' title='bbox 571 1365 666 1439; x_wconf 91' lang='lat' dir='ltr'>inter</span> <span class='ocrx_word' id='word_1_29' title='bbox 694 1365 884 1439; x_wconf 89' lang='lat' dir='ltr'>monachos</span> <span class='ocrx_word' id='word_1_30' title='bbox 906 1365 1157 1441; x_wconf 73' lang='lat' dir='ltr'>Benedioinos</span> <span class='ocrx_word' id='word_1_31' title='bbox 1184 1366 1354 1441; x_wconf 81' lang='lat' dir='ltr'><strong>educatus</strong></span> <span class='ocrx_word' id='word_1_32' title='bbox 1380 1367 1418 1441; x_wconf 92' lang='lat' dir='ltr'>in</span> <span class='ocrx_word' id='word_1_33' title='bbox 1446 1367 1589 1441; x_wconf 85' lang='lat' dir='ltr'>civitate</span> <span class='ocrx_word' id='word_1_34' title='bbox 1619 1369 1693 1442; x_wconf 87' lang='lat' dir='ltr'>Ab·</span> 
     </span>
     <span class='ocr_line' id='line_1_6' title="bbox 243 1495 1692 1598; baseline 0.001 -26"><span class='ocrx_word' id='word_1_35' title='bbox 243 1495 432 1583; x_wconf 85' lang='lat' dir='ltr'>ordonensi,</span> <span class='ocrx_word' id='word_1_36' title='bbox 458 1497 513 1569; x_wconf 84' lang='lat' dir='ltr'>vir</span> <span class='ocrx_word' id='word_1_37' title='bbox 541 1497 665 1595; x_wconf 87' lang='lat' dir='ltr'>utique</span> <span class='ocrx_word' id='word_1_38' title='bbox 691 1508 770 1571; x_wconf 85' lang='lat' dir='ltr'>erat</span> <span class='ocrx_word' id='word_1_39' title='bbox 791 1496 829 1570; x_wconf 90' lang='lat' dir='ltr'>in</span> <span class='ocrx_word' id='word_1_40' title='bbox 855 1498 951 1572; x_wconf 92' lang='lat' dir='ltr'>omni</span> <span class='ocrx_word' id='word_1_41' title='bbox 967 1498 1174 1572; x_wconf 80' lang='lat' dir='ltr'>humaniore</span> <span class='ocrx_word' id='word_1_42' title='bbox 1201 1499 1387 1574; x_wconf 78' lang='lat' dir='ltr'>literatura</span> <span class='ocrx_word' id='word_1_43' title='bbox 1398 1498 1577 1598; x_wconf 82' lang='lat' dir='ltr'>insigniter</span> <span class='ocrx_word' id='word_1_44' title='bbox 1609 1501 1692 1574; x_wconf 88' lang='lat' dir='ltr'>doc-</span> 
     </span>
     <span class='ocr_line' id='line_1_7' title="bbox 242 1626 1691 1730; baseline 0.002 -27"><span class='ocrx_word' id='word_1_45' title='bbox 242 1642 310 1715; x_wconf 79' lang='lat' dir='ltr'>tus,</span> <span class='ocrx_word' id='word_1_46' title='bbox 327 1640 365 1703; x_wconf 86' lang='lat' dir='ltr'>et</span> <span class='ocrx_word' id='word_1_47' title='bbox 381 1628 418 1702; x_wconf 92' lang='lat' dir='ltr'>in</span> <span class='ocrx_word' id='word_1_48' title='bbox 434 1628 610 1703; x_wconf 87' lang='lat' dir='ltr'>medicina</span> <span class='ocrx_word' id='word_1_49' title='bbox 625 1626 816 1703; x_wconf 82' lang='lat' dir='ltr'><strong>admodum</strong></span> <span class='ocrx_word' id='word_1_50' title='bbox 841 1629 966 1703; x_wconf 85' lang='lat' dir='ltr'>clarus.</span> <span class='ocrx_word' id='word_1_51' title='bbox 1013 1630 1118 1704; x_wconf 89' lang='lat' dir='ltr'><strong>Pium</strong></span> <span class='ocrx_word' id='word_1_52' title='bbox 1135 1656 1224 1728; x_wconf 82' lang='lat' dir='ltr'>opus</span> <span class='ocrx_word' id='word_1_53' title='bbox 1238 1631 1397 1706; x_wconf 86' lang='lat' dir='ltr'>sermone</span> <span class='ocrx_word' id='word_1_54' title='bbox 1424 1632 1561 1730; x_wconf 84' lang='lat' dir='ltr'>vulgari</span> <span class='ocrx_word' id='word_1_55' title='bbox 1587 1631 1691 1729; x_wconf 89' lang='lat' dir='ltr'>scrip-</span> 
     </span>
     <span class='ocr_line' id='line_1_8' title="bbox 244 1759 731 1858; baseline -0.004 -24"><span class='ocrx_word' id='word_1_56' title='bbox 244 1760 294 1846; x_wconf 78' lang='lat' dir='ltr'>sit,</span> <span class='ocrx_word' id='word_1_57' title='bbox 312 1760 369 1834; x_wconf 92' lang='lat' dir='ltr'>cui</span> <span class='ocrx_word' id='word_1_58' title='bbox 395 1759 540 1834; x_wconf 91' lang='lat' dir='ltr'>titulum</span> <span class='ocrx_word' id='word_1_59' title='bbox 557 1759 731 1858; x_wconf 82' lang='lat' dir='ltr'><strong>imposuit,</strong></span> 
     </span>
    </p>

    <p class='ocr_par' dir='ltr' id='par_1_4' title="bbox 392 1889 993 1977">
     <span class='ocr_line' id='line_1_9' title="bbox 392 1889 993 1977; baseline 0.005 -14"><span class='ocrx_word' id='word_1_60' title='bbox 392 1889 568 1964; x_wconf 86' lang='lat' dir='ltr'>Vifionem</span> <span class='ocrx_word' id='word_1_61' title='bbox 585 1891 685 1965; x_wconf 90' lang='lat' dir='ltr'>Petri</span> <span class='ocrx_word' id='word_1_62' title='bbox 702 1892 872 1977; x_wconf 67' lang='lat' dir='ltr'>Aratoris,</span> <span class='ocrx_word' id='word_1_63' title='bbox 890 1892 949 1967; x_wconf 93' lang='lat' dir='ltr'><strong>lib.</strong></span> <span class='ocrx_word' id='word_1_64' title='bbox 968 1915 993 1966; x_wconf 89' lang='lat'>1.</span> 
     </span>
    </p>

    <p class='ocr_par' dir='ltr' id='par_1_5' title="bbox 241 2006 1691 2362">
     <span class='ocr_line' id='line_1_10' title="bbox 392 2006 1033 2120; baseline 0.005 -24"><span class='ocrx_word' id='word_1_65' title='bbox 392 2023 464 2096; x_wconf 91' lang='lat' dir='ltr'>Pro</span> <span class='ocrx_word' id='word_1_66' title='bbox 480 2006 653 2120; x_wconf 88' lang='lat' dir='ltr'>Conjugio</span> <span class='ocrx_word' id='word_1_67' title='bbox 671 2022 912 2109; x_wconf 84' lang='lat' dir='ltr'>Sacerdotum,</span> <span class='ocrx_word' id='word_1_68' title='bbox 930 2023 989 2098; x_wconf 92' lang='lat' dir='ltr'><strong>lib.</strong></span> <span class='ocrx_word' id='word_1_69' title='bbox 1008 2047 1033 2099; x_wconf 89' lang='lat'>1.</span> 
     </span>
     <span class='ocr_line' id='line_1_11' title="bbox 241 2155 1691 2256; baseline -0.001 -25"><span class='ocrx_word' id='word_1_70' title='bbox 241 2155 379 2231; x_wconf 85' lang='lat' dir='ltr'>Claruit</span> <span class='ocrx_word' id='word_1_71' title='bbox 411 2180 505 2229; x_wconf 89' lang='lat' dir='ltr'>anuo</span> <span class='ocrx_word' id='word_1_72' title='bbox 544 2155 671 2229; x_wconf 80' lang='lat' dir='ltr'>Christ-i</span> <span class='ocrx_word' id='word_1_73' title='bbox 701 2155 950 2253; x_wconf 87' lang='lat' dir='ltr'>Redemptoris</span> <span class='ocrx_word' id='word_1_74' title='bbox 993 2160 1099 2243; x_wconf 90' lang='grc'>1369,</span> <span class='ocrx_word' id='word_1_75' title='bbox 1141 2169 1313 2256; x_wconf 82' lang='lat' dir='ltr'>regnante</span> <span class='ocrx_word' id='word_1_76' title='bbox 1351 2157 1488 2233; x_wconf 89' lang='lat' dir='ltr'>Davide</span> <span class='ocrx_word' id='word_1_77' title='bbox 1528 2156 1691 2231; x_wconf 88' lang='lat' dir='ltr'>Secundo</span> 
     </span>
     <span class='ocr_line' id='line_1_12' title="bbox 242 2287 425 2362; baseline -0.005 -1"><span class='ocrx_word' id='word_1_78' title='bbox 242 2289 280 2362; x_wconf 91' lang='lat' dir='ltr'>in</span> <span class='ocrx_word' id='word_1_79' title='bbox 297 2287 425 2362; x_wconf 87' lang='lat' dir='ltr'>Scotia.</span> 
     </span>
    </p>
   </div>
   <div class='ocr_carea' id='block_1_4' title="bbox 676 2583 1256 2659">
    <p class='ocr_par' dir='ltr' id='par_1_6' title="bbox 676 2583 1256 2659">
     <span class='ocr_line' id='line_1_13' title="bbox 676 2583 1256 2659; baseline -0.002 -2"><span class='ocrx_word' id='word_1_80' title='bbox 676 2584 742 2658; x_wconf 89' lang='lat' dir='ltr'>DE</span> <span class='ocrx_word' id='word_1_81' title='bbox 767 2584 975 2658; x_wconf 83' lang='lat' dir='ltr'>NICOLAO</span> <span class='ocrx_word' id='word_1_82' title='bbox 1001 2583 1256 2659; x_wconf 83' lang='lat' dir='ltr'><strong>DURHAMO.</strong></span> 
     </span>
    </p>
   </div>
   <div class='ocr_carea' id='block_1_5' title="bbox 241 2813 1689 2923">
    <p class='ocr_par' dir='ltr' id='par_1_7' title="bbox 241 2813 1689 2923">
     <span class='ocr_line' id='line_1_14' title="bbox 241 2813 1689 2923; baseline -0.001 -31"><span class='ocrx_word' id='word_1_83' title='bbox 241 2814 432 2892; x_wconf 74' lang='lat' dir='ltr'>Nroouaus</span> <span class='ocrx_word' id='word_1_84' title='bbox 457 2817 688 2900; x_wconf 70' lang='lat' dir='ltr'>Dunnauua</span> <span class='ocrx_word' id='word_1_85' title='bbox 714 2815 857 2889; x_wconf 90' lang='lat' dir='ltr'>natione</span> <span class='ocrx_word' id='word_1_86' title='bbox 880 2815 1015 2902; x_wconf 69' lang='lat' dir='ltr'>Scotur„</span> <span class='ocrx_word' id='word_1_87' title='bbox 1041 2841 1114 2891; x_wconf 93' lang='lat' dir='ltr'>non</span> <span class='ocrx_word' id='word_1_88' title='bbox 1143 2816 1238 2915; x_wconf 92' lang='lat' dir='ltr'>quod</span> <span class='ocrx_word' id='word_1_89' title='bbox 1254 2827 1359 2923; x_wconf 78' lang='lat' dir='ltr'>natus</span> <span class='ocrx_word' id='word_1_90' title='bbox 1374 2813 1459 2892; x_wconf 87' lang='lat' dir='ltr'>esset</span> <span class='ocrx_word' id='word_1_91' title='bbox 1483 2815 1689 2890; x_wconf 88' lang='lat' dir='ltr'>incivitate</span> 
     </span>
    </p>
   </div>
   <div class='ocr_carea' id='block_1_6' title="bbox 241 2945 1691 4881">
    <p class='ocr_par' dir='ltr' id='par_1_8' title="bbox 241 2945 1691 4478">
     <span class='ocr_line' id='line_1_15' title="bbox 242 2945 1690 3046; baseline -0.004 -21"><span class='ocrx_word' id='word_1_92' title='bbox 242 2947 468 3025; x_wconf 87' lang='lat' dir='ltr'>Dunelmenfi</span> <span class='ocrx_word' id='word_1_93' title='bbox 505 2948 557 3022; x_wconf 89' lang='lat' dir='ltr'>ita</span> <span class='ocrx_word' id='word_1_94' title='bbox 598 2948 729 3032; x_wconf 74' lang='lat' dir='ltr'>dictus,</span> <span class='ocrx_word' id='word_1_95' title='bbox 767 2947 827 3021; x_wconf 93' lang='lat' dir='ltr'>sed</span> <span class='ocrx_word' id='word_1_96' title='bbox 852 2949 948 3046; x_wconf 91' lang='lat' dir='ltr'>quod</span> <span class='ocrx_word' id='word_1_97' title='bbox 977 2948 1045 3022; x_wconf 90' lang='lat' dir='ltr'>hoc</span> <span class='ocrx_word' id='word_1_98' title='bbox 1076 2971 1272 3045; x_wconf 82' lang='lat' dir='ltr'>cognomen</span> <span class='ocrx_word' id='word_1_99' title='bbox 1310 2949 1356 3021; x_wconf 92' lang='lat' dir='ltr'>ab</span> <span class='ocrx_word' id='word_1_100' title='bbox 1384 2946 1532 3045; x_wconf 90' lang='lat' dir='ltr'>antiqua</span> <span class='ocrx_word' id='word_1_101' title='bbox 1557 2945 1690 3020; x_wconf 83' lang='lat' dir='ltr'>familia</span> 
     </span>
     <span class='ocr_line' id='line_1_16' title="bbox 241 3077 1689 3177; baseline -0.003 -21"><span class='ocrx_word' id='word_1_102' title='bbox 241 3079 505 3156; x_wconf 86' lang='lat' dir='ltr'>Durhamorum</span> <span class='ocrx_word' id='word_1_103' title='bbox 534 3079 572 3152; x_wconf 91' lang='lat' dir='ltr'>in</span> <span class='ocrx_word' id='word_1_104' title='bbox 599 3079 720 3153; x_wconf 85' lang='lat' dir='ltr'>Scotia</span> <span class='ocrx_word' id='word_1_105' title='bbox 746 3090 939 3177; x_wconf 87' lang='lat' dir='ltr'>acceperat.</span> <span class='ocrx_word' id='word_1_106' title='bbox 995 3079 1093 3153; x_wconf 86' lang='lat' dir='ltr'>Licet</span> <span class='ocrx_word' id='word_1_107' title='bbox 1119 3081 1204 3154; x_wconf 90' lang='lat' dir='ltr'>urbs</span> <span class='ocrx_word' id='word_1_108' title='bbox 1227 3078 1290 3154; x_wconf 90' lang='lat' dir='ltr'>illa</span> <span class='ocrx_word' id='word_1_109' title='bbox 1316 3077 1477 3153; x_wconf 82' lang='lat' dir='ltr'>Durham</span> <span class='ocrx_word' id='word_1_110' title='bbox 1502 3078 1689 3153; x_wconf 81' lang='lat' dir='ltr'><strong>Scotorum</strong></span> 
     </span>
     <span class='ocr_line' id='line_1_17' title="bbox 243 3208 1688 3311; baseline -0.004 -24"><span class='ocrx_word' id='word_1_111' title='bbox 243 3212 391 3311; x_wconf 85' lang='lat' dir='ltr'>imperio</span> <span class='ocrx_word' id='word_1_112' title='bbox 425 3220 511 3285; x_wconf 90' lang='lat' dir='ltr'>tunc</span> <span class='ocrx_word' id='word_1_113' title='bbox 546 3210 715 3308; x_wconf 88' lang='lat' dir='ltr'>temporis</span> <span class='ocrx_word' id='word_1_114' title='bbox 749 3209 907 3308; x_wconf 69' lang='lat' dir='ltr'>subjed&#39;ca</span> <span class='ocrx_word' id='word_1_115' title='bbox 939 3210 1057 3296; x_wconf 75' lang='lat' dir='ltr'>suerit,</span> <span class='ocrx_word' id='word_1_116' title='bbox 1090 3209 1225 3309; x_wconf 87' lang='lat' dir='ltr'>pariter</span> <span class='ocrx_word' id='word_1_117' title='bbox 1257 3220 1379 3285; x_wconf 66' lang='lat' dir='ltr'>mmen</span> <span class='ocrx_word' id='word_1_118' title='bbox 1413 3208 1578 3284; x_wconf 88' lang='lat' dir='ltr'>monachi</span> <span class='ocrx_word' id='word_1_119' title='bbox 1610 3218 1688 3282; x_wconf 90' lang='lat' dir='ltr'>tum</span> 
     </span>
     <span class='ocr_line' id='line_1_18' title="bbox 241 3341 1691 3444; baseline -0.001 -25"><span class='ocrx_word' id='word_1_120' title='bbox 241 3345 349 3444; x_wconf 79' lang='lat' dir='ltr'>Angli</span> <span class='ocrx_word' id='word_1_121' title='bbox 388 3355 466 3417; x_wconf 85' lang='lat' dir='ltr'>tum</span> <span class='ocrx_word' id='word_1_122' title='bbox 503 3343 600 3416; x_wconf 87' lang='lat' dir='ltr'>Scoti</span> <span class='ocrx_word' id='word_1_123' title='bbox 641 3343 678 3415; x_wconf 90' lang='lat' dir='ltr'>in</span> <span class='ocrx_word' id='word_1_124' title='bbox 707 3342 888 3441; x_wconf 85' lang='lat' dir='ltr'>utriusque</span> <span class='ocrx_word' id='word_1_125' title='bbox 922 3342 1023 3440; x_wconf 86' lang='lat' dir='ltr'>regui</span> <span class='ocrx_word' id='word_1_126' title='bbox 1052 3341 1269 3418; x_wconf 76' lang='lat' dir='ltr'>monasteriis</span> <span class='ocrx_word' id='word_1_127' title='bbox 1305 3352 1431 3416; x_wconf 91' lang='lat' dir='ltr'>mutuo</span> <span class='ocrx_word' id='word_1_128' title='bbox 1454 3341 1588 3440; x_wconf 80' lang='lat' dir='ltr'>recepti</span> <span class='ocrx_word' id='word_1_129' title='bbox 1616 3343 1691 3418; x_wconf 89' lang='lat' dir='ltr'>sue-</span> 
     </span>
     <span class='ocr_line' id='line_1_19' title="bbox 243 3470 1689 3558; baseline -0.002 -8"><span class='ocrx_word' id='word_1_130' title='bbox 243 3486 337 3550; x_wconf 91' lang='lat' dir='ltr'>runt.</span> <span class='ocrx_word' id='word_1_131' title='bbox 389 3474 457 3548; x_wconf 90' lang='lat' dir='ltr'>Hic</span> <span class='ocrx_word' id='word_1_132' title='bbox 486 3483 592 3547; x_wconf 84' lang='lat' dir='ltr'>natus</span> <span class='ocrx_word' id='word_1_133' title='bbox 619 3474 735 3547; x_wconf 79' lang='lat' dir='ltr'>tuerat</span> <span class='ocrx_word' id='word_1_134' title='bbox 764 3473 802 3547; x_wconf 92' lang='lat' dir='ltr'>in</span> <span class='ocrx_word' id='word_1_135' title='bbox 828 3476 917 3548; x_wconf 90' lang='lat' dir='ltr'>urbe</span> <span class='ocrx_word' id='word_1_136' title='bbox 942 3470 1160 3547; x_wconf 82' lang='lat' dir='ltr'>Dunbarenfi</span> <span class='ocrx_word' id='word_1_137' title='bbox 1185 3472 1223 3546; x_wconf 92' lang='lat' dir='ltr'>in</span> <span class='ocrx_word' id='word_1_138' title='bbox 1247 3472 1396 3558; x_wconf 89' lang='lat' dir='ltr'>Memia,</span> <span class='ocrx_word' id='word_1_139' title='bbox 1422 3484 1458 3547; x_wconf 87' lang='lat' dir='ltr'>ct</span> <span class='ocrx_word' id='word_1_140' title='bbox 1493 3473 1531 3546; x_wconf 90' lang='lat' dir='ltr'>in</span> <span class='ocrx_word' id='word_1_141' title='bbox 1565 3473 1689 3547; x_wconf 89' lang='lat' dir='ltr'>eadem</span> 
     </span>
     <span class='ocr_line' id='line_1_20' title="bbox 244 3603 1690 3704; baseline -0.001 -22"><span class='ocrx_word' id='word_1_142' title='bbox 244 3608 362 3685; x_wconf 90' lang='lat' dir='ltr'>schola</span> <span class='ocrx_word' id='word_1_143' title='bbox 391 3606 582 3692; x_wconf 84' lang='lat' dir='ltr'>educatus;</span> <span class='ocrx_word' id='word_1_144' title='bbox 616 3605 735 3704; x_wconf 88' lang='lat' dir='ltr'>postea</span> <span class='ocrx_word' id='word_1_145' title='bbox 762 3616 880 3679; x_wconf 89' lang='lat' dir='ltr'>aetate</span> <span class='ocrx_word' id='word_1_146' title='bbox 909 3604 1112 3703; x_wconf 64' lang='lat' dir='ltr'>provestior</span> <span class='ocrx_word' id='word_1_147' title='bbox 1136 3604 1182 3678; x_wconf 87' lang='lat' dir='ltr'>ad</span> <span class='ocrx_word' id='word_1_148' title='bbox 1221 3603 1475 3678; x_wconf 87' lang='lat' dir='ltr'>Dunelmenses</span> <span class='ocrx_word' id='word_1_149' title='bbox 1498 3607 1690 3681; x_wconf 82' lang='lat' dir='ltr'>monachos</span> 
     </span>
     <span class='ocr_line' id='line_1_21' title="bbox 245 3735 1687 3837; baseline -0.001 -22"><span class='ocrx_word' id='word_1_150' title='bbox 245 3740 293 3815; x_wconf 86' lang='lat' dir='ltr'>est</span> <span class='ocrx_word' id='word_1_151' title='bbox 333 3738 524 3837; x_wconf 77' lang='lat' dir='ltr'>prosed’tus,</span> <span class='ocrx_word' id='word_1_152' title='bbox 558 3736 619 3816; x_wconf 94' lang='lat' dir='ltr'>ubi</span> <span class='ocrx_word' id='word_1_153' title='bbox 659 3736 852 3809; x_wconf 84' lang='lat' dir='ltr'>monachus</span> <span class='ocrx_word' id='word_1_154' title='bbox 891 3735 1024 3810; x_wconf 86' lang='lat' dir='ltr'>Beatae</span> <span class='ocrx_word' id='word_1_155' title='bbox 1057 3736 1214 3835; x_wconf 84' lang='lat' dir='ltr'>Virginis</span> <span class='ocrx_word' id='word_1_156' title='bbox 1250 3736 1367 3811; x_wconf 71' lang='lat' dir='ltr'>suetus</span> <span class='ocrx_word' id='word_1_157' title='bbox 1395 3737 1444 3811; x_wconf 85' lang='lat' dir='ltr'>est</span> <span class='ocrx_word' id='word_1_158' title='bbox 1485 3736 1529 3812; x_wconf 89' lang='lat' dir='ltr'>de</span> <span class='ocrx_word' id='word_1_159' title='bbox 1564 3739 1687 3814; x_wconf 88' lang='lat' dir='ltr'>Monte</span> 
     </span>
     <span class='ocr_line' id='line_1_22' title="bbox 244 3867 1690 3966; baseline 0.001 -19"><span class='ocrx_word' id='word_1_160' title='bbox 244 3870 409 3947; x_wconf 83' lang='lat' dir='ltr'>Carmeli.</span> <span class='ocrx_word' id='word_1_161' title='bbox 452 3868 589 3943; x_wconf 89' lang='lat' dir='ltr'>Deinde</span> <span class='ocrx_word' id='word_1_162' title='bbox 613 3868 795 3966; x_wconf 75' lang='lat' dir='ltr'>profectus</span> <span class='ocrx_word' id='word_1_163' title='bbox 820 3869 869 3942; x_wconf 86' lang='lat' dir='ltr'>est</span> <span class='ocrx_word' id='word_1_164' title='bbox 896 3867 1096 3954; x_wconf 84' lang='lat' dir='ltr'>Oxonium;</span> <span class='ocrx_word' id='word_1_165' title='bbox 1123 3868 1256 3943; x_wconf 91' lang='lat' dir='ltr'>ibidem</span> <span class='ocrx_word' id='word_1_166' title='bbox 1284 3868 1323 3942; x_wconf 92' lang='lat' dir='ltr'>in</span> <span class='ocrx_word' id='word_1_167' title='bbox 1352 3867 1477 3944; x_wconf 84' lang='lat' dir='ltr'>scholis</span> <span class='ocrx_word' id='word_1_168' title='bbox 1505 3870 1613 3946; x_wconf 90' lang='lat' dir='ltr'>solide</span> <span class='ocrx_word' id='word_1_169' title='bbox 1630 3872 1690 3949; x_wconf 93' lang='lat' dir='ltr'>do-</span> 
     </span>
     <span class='ocr_line' id='line_1_23' title="bbox 244 3999 1690 4099; baseline 0 -19"><span class='ocrx_word' id='word_1_170' title='bbox 244 4004 366 4089; x_wconf 91' lang='lat' dir='ltr'>cendo,</span> <span class='ocrx_word' id='word_1_171' title='bbox 397 4012 433 4077; x_wconf 89' lang='lat' dir='ltr'>et</span> <span class='ocrx_word' id='word_1_172' title='bbox 462 4000 638 4076; x_wconf 82' lang='lat' dir='ltr'>subtiliter</span> <span class='ocrx_word' id='word_1_173' title='bbox 666 3999 884 4098; x_wconf 90' lang='lat' dir='ltr'>disputando,</span> <span class='ocrx_word' id='word_1_174' title='bbox 913 4025 1083 4098; x_wconf 87' lang='lat' dir='ltr'>magnum</span> <span class='ocrx_word' id='word_1_175' title='bbox 1119 3999 1181 4075; x_wconf 90' lang='lat' dir='ltr'>fibi</span> <span class='ocrx_word' id='word_1_176' title='bbox 1210 4024 1340 4075; x_wconf 90' lang='lat' dir='ltr'>nomen</span> <span class='ocrx_word' id='word_1_177' title='bbox 1378 4000 1567 4099; x_wconf 83' lang='lat' dir='ltr'>acquisivit,</span> <span class='ocrx_word' id='word_1_178' title='bbox 1600 4006 1690 4082; x_wconf 92' lang='lat' dir='ltr'>adeo</span> 
     </span>
     <span class='ocr_line' id='line_1_24' title="bbox 243 4132 1691 4232; baseline 0.001 -21"><span class='ocrx_word' id='word_1_179' title='bbox 243 4149 285 4211; x_wconf 86' lang='lat' dir='ltr'>ut</span> <span class='ocrx_word' id='word_1_180' title='bbox 309 4137 427 4211; x_wconf 73' lang='lat' dir='ltr'><strong>diuus</strong></span> <span class='ocrx_word' id='word_1_181' title='bbox 451 4133 557 4209; x_wconf 90' lang='lat' dir='ltr'>suerit</span> <span class='ocrx_word' id='word_1_182' title='bbox 582 4133 700 4232; x_wconf 81' lang='lat' dir='ltr'>postea</span> <span class='ocrx_word' id='word_1_183' title='bbox 723 4133 815 4208; x_wconf 86' lang='lat' dir='ltr'>alter</span> <span class='ocrx_word' id='word_1_184' title='bbox 841 4134 943 4207; x_wconf 84' lang='lat' dir='ltr'>Duns</span> <span class='ocrx_word' id='word_1_185' title='bbox 959 4133 1095 4208; x_wconf 72' lang='lat' dir='ltr'>Scotua</span> <span class='ocrx_word' id='word_1_186' title='bbox 1146 4132 1252 4220; x_wconf 79' lang='lat' dir='ltr'><strong>Quod</strong></span> <span class='ocrx_word' id='word_1_187' title='bbox 1275 4143 1396 4207; x_wconf 89' lang='lat' dir='ltr'>autem</span> <span class='ocrx_word' id='word_1_188' title='bbox 1424 4134 1470 4208; x_wconf 92' lang='lat' dir='ltr'>ad</span> <span class='ocrx_word' id='word_1_189' title='bbox 1494 4135 1569 4232; x_wconf 86' lang='lat' dir='ltr'>ejus</span> <span class='ocrx_word' id='word_1_190' title='bbox 1593 4138 1691 4213; x_wconf 90' lang='lat' dir='ltr'>lucu-</span> 
     </span>
     <span class='ocr_line' id='line_1_25' title="bbox 243 4263 1691 4365; baseline -0.002 -20"><span class='ocrx_word' id='word_1_191' title='bbox 243 4270 424 4346; x_wconf 82' lang='lat' dir='ltr'>brationes</span> <span class='ocrx_word' id='word_1_192' title='bbox 459 4267 598 4349; x_wconf 79' lang='lat' dir='ltr'>attinet</span> <span class='ocrx_word' id='word_1_193' title='bbox 648 4276 790 4362; x_wconf 89' lang='lat' dir='ltr'>praeter</span> <span class='ocrx_word' id='word_1_194' title='bbox 831 4265 946 4340; x_wconf 81' lang='lat' dir='ltr'>aliena</span> <span class='ocrx_word' id='word_1_195' title='bbox 989 4289 1098 4362; x_wconf 90' lang='lat' dir='ltr'>opera</span> <span class='ocrx_word' id='word_1_196' title='bbox 1139 4263 1381 4362; x_wconf 82' lang='lat' dir='ltr'>compendiose</span> <span class='ocrx_word' id='word_1_197' title='bbox 1428 4265 1564 4365; x_wconf 74' lang='lat' dir='ltr'>scripta</span> <span class='ocrx_word' id='word_1_198' title='bbox 1604 4271 1691 4346; x_wconf 85' lang='lat' dir='ltr'>haec</span> 
     </span>
     <span class='ocr_line' id='line_1_26' title="bbox 245 4400 449 4478; baseline -0.02 -2"><span class='ocrx_word' id='word_1_199' title='bbox 245 4400 449 4478; x_wconf 88' lang='lat' dir='ltr'>contexuit:</span> 
     </span>
    </p>

    <p class='ocr_par' dir='ltr' id='par_1_9' title="bbox 393 4529 1167 4629">
     <span class='ocr_line' id='line_1_27' title="bbox 393 4529 1167 4629; baseline -0.001 -24"><span class='ocrx_word' id='word_1_200' title='bbox 393 4532 508 4629; x_wconf 89' lang='lat' dir='ltr'>Super</span> <span class='ocrx_word' id='word_1_201' title='bbox 524 4529 729 4628; x_wconf 85' lang='lat' dir='ltr'>Magistrum</span> <span class='ocrx_word' id='word_1_202' title='bbox 746 4529 1020 4616; x_wconf 88' lang='lat' dir='ltr'>Sententiarum,</span> <span class='ocrx_word' id='word_1_203' title='bbox 1037 4531 1098 4606; x_wconf 91' lang='lat' dir='ltr'><strong>lib.</strong></span> <span class='ocrx_word' id='word_1_204' title='bbox 1115 4553 1167 4604; x_wconf 87' lang='lat' dir='ltr'>1v.</span> 
     </span>
    </p>

    <p class='ocr_par' dir='ltr' id='par_1_10' title="bbox 394 4662 934 4763">
     <span class='ocr_line' id='line_1_28' title="bbox 394 4662 934 4763; baseline -0.004 -27"><span class='ocrx_word' id='word_1_205' title='bbox 394 4662 590 4763; x_wconf 84' lang='lat' dir='ltr'>Originalia</span> <span class='ocrx_word' id='word_1_206' title='bbox 606 4663 813 4747; x_wconf 71' lang='lat' dir='ltr'>Doctorum,</span> <span class='ocrx_word' id='word_1_207' title='bbox 831 4662 891 4736; x_wconf 92' lang='lat' dir='ltr'><strong>lib.</strong></span> <span class='ocrx_word' id='word_1_208' title='bbox 909 4683 934 4734; x_wconf 88' lang='lat'>1.</span> 
     </span>
    </p>

    <p class='ocr_par' dir='ltr' id='par_1_11' title="bbox 395 4792 1114 4881">
     <span class='ocr_line' id='line_1_29' title="bbox 395 4792 1114 4881; baseline -0.004 -12"><span class='ocrx_word' id='word_1_209' title='bbox 395 4793 718 4869; x_wconf 82' lang='lat' dir='ltr'>Determinationes</span> <span class='ocrx_word' id='word_1_210' title='bbox 734 4792 994 4881; x_wconf 78' lang='lat' dir='ltr'>Quaestionum,</span> <span class='ocrx_word' id='word_1_211' title='bbox 1012 4793 1071 4868; x_wconf 93' lang='lat' dir='ltr'><strong>lib.</strong></span> <span class='ocrx_word' id='word_1_212' title='bbox 1089 4817 1114 4869; x_wconf 89' lang='lat'>1·.</span> 
     </span>
    </p>
   </div>
   <div class='ocr_carea' id='block_1_7' title="bbox 0 0 2228 5958">
    <p class='ocr_par' dir='ltr' id='par_1_12' title="bbox 0 0 2228 5958">
     <span class='ocr_line' id='line_1_30' title="bbox 0 0 2228 5958; baseline 0 0"><span class='ocrx_word' id='word_1_213' title='bbox 0 0 2228 5958; x_wconf 95' lang='lat' dir='ltr'> </span> 
     </span>
    </p>
   </div>
  </div>
 </body>
</html>
