4470 5962
420 518 484 584 108
819 518 884 583 Dll
919 513 1261 585 SCRIPTORIBUS
1296 517 1465 585 scosls.

414 716 474 780 tus
497 704 634 781 habens
656 703 868 803 perspestoa
890 730 963 783 non
985 704 1136 781 otiosum
1160 703 1407 804 spectatum,
1427 705 1489 782 sed
1510 706 1690 783 bennum
1713 707 1751 784 se
1774 727 1878 808 prae·

415 835 494 911 buit
527 833 740 935 operarium
797 835 954 913 Salubri
987 836 1121 913 etenim
1155 834 1320 910 dostrina
1353 839 1539 936 bonaeque
1572 836 1666 913 vitae
1700 838 1876 938 exemplo,

416 969 549 1044 multos
571 969 618 1044 ab
646 967 828 1045 erroribus
855 969 901 1044 ad
927 969 1125 1055 vemmtem,
1151 992 1175 1044 a
1199 967 1296 1044 vitiis
1321 967 1367 1042 ad
1396 967 1567 1044 virtutem
1600 970 1781 1068 perduxit,
1804 994 1879 1048 nou

416 1098 488 1174 sme
510 1098 718 1198 quotidiano
742 1097 837 1174 vitae
862 1098 1070 1173 discrimine.
1114 1097 1211 1174 “Vir
1233 1124 1306 1175 non
1328 1101 1476 1176 minoris
1495 1100 1734 1190 humanae?
1760 1102 1880 1202 inquit

417 1231 556 1318 Belem
592 1242 612 1272 ‘⁴
629 1255 737 1329 quam
771 1230 923 1320 vimutis,
957 1231 1179 1328 eloquiorum
1212 1230 1282 1306 Dei
1314 1231 1482 1331 dogmata
1515 1232 1712 1310 Ohmstiano
1745 1234 1880 1334 populo

417 1362 593 1462 intrepide
616 1385 827 1460 proponens,
852 1385 924 1438 non
950 1362 1134 1462 vulgarem
1157 1362 1253 1463 apud
1276 1362 1356 1440 suos
1380 1374 1460 1439 tum
1484 1364 1611 1442 &otoo
1635 1376 1717 1440 tum
1741 1367 1880 1467 Anglos

417 1493 570 1592 gratiam
607 1494 733 1568 inibat.
798 1494 870 1583 Qui
904 1519 998 1569 anno
1032 1492 1178 1569 Domini
1212 1497 1309 1569 1550
1343 1494 1381 1569 in
1413 1505 1513 1571 terra
1549 1495 1776 1573 Dunelmenfi
1809 1498 1882 1572 Dei·

419 1627 568 1701 verbum
593 1625 821 1713 annuncians,
846 1627 993 1702 coad'cus
1019 1626 1069 1700 est
1095 1649 1216 1701 coram
1242 1624 1404 1726 episcopo
1431 1627 1608 1703 Tonstallo
1630 1638 1669 1702 et
1696 1628 1773 1727 ejus
1796 1628 1880 1704 doc-

417 1758 555 1834 toribus
587 1756 691 1856 super
723 1732 824 1837 missa
855 1757 1022 1856 papistica
1055 1757 1259 1857 opinionem
1292 1756 1391 1833 suam
1424 1758 1552 1846 dicere,
1586 1771 1623 1833 ct
1656 1770 1785 1857 quarto
1820 1759 1879 1835 die

418 1891 552 1990 Aprilis
571 1888 725 1988 ejusdem
746 1888 831 1965 anni
852 1890 1015 1987 aperiens
1038 1890 1076 1965 in
1095 1889 1265 1967 concione
1286 1890 1363 1988 ejus
1385 1889 1605 1966 idololatrias
1624 1901 1661 1966 et
1682 1891 1879 1967 horrendas

417 2022 660 2120 blasphemiae,
692 2032 776 2097 tam.
797 2019 917 2096 solidis
943 2021 1162 2120 argumentis
1189 2020 1491 2098 abominationem
1516 2020 1587 2098 else
1615 2023 1800 2122 probabat,
1825 2035 1877 2108 ut,

417 2179 500 2230 cum
532 2153 697 2228 omnibus
729 2151 842 2226 sciolis
875 2151 1064 2227 Saturnius
1097 2151 1158 2227 ille
1191 2152 1385 2230 somniator
1418 2154 1591 2254 redagari
1624 2178 1697 2232 non
1736 2151 1878 2254 posset.’'

418 2288 557 2362 Deinde
580 2287 618 2361 in
635 2284 792 2362 Scotiam
807 2311 831 2360 a
846 2285 1035 2360 comitibus
1056 2286 1237 2361 Mortonio
1253 2296 1291 2360 et
1306 2286 1468 2362 Moravio
1493 2297 1649 2373 vocatus,
1666 2286 1742 2389 post
1762 2288 1878 2363 varias

418 2415 615 2515 multasque
644 2414 913 2515 disceptationes
939 2440 1021 2491 cum
1050 2416 1250 2514 pontificiis,
1277 2419 1316 2492 in
1352 2416 1553 2494 scholastica
1577 2417 1758 2517 theologia
1787 2419 1878 2494 mul·

417 2559 496 2624 tum
526 2545 681 2634 versatis,
714 2547 775 2645 pio
807 2546 921 2622 studio
954 2546 1198 2624 instaurandae
1231 2547 1412 2649 religionis
1445 2548 1665 2626 orthodoxae
1696 2547 1877 2636 incitatus
2011 2604 2013 2607 -

417 2679 490 2778 ipse
518 2677 726 2780 apostolicus
754 2678 860 2776 plane
897 2678 954 2752 vir
981 2701 1111 2778 magna
1139 2702 1185 2754 ex
1215 2690 1318 2778 parte
1346 2702 1427 2755 eam
1457 2704 1478 2755 e
1507 2678 1665 2754 tenebris
1693 2677 1732 2753 in
1760 2679 1878 2754 lucem

418 2811 597 2911 produxit,
622 2810 728 2909 idque
753 2822 832 2885 tum
855 2808 994 2909 scriptis
1015 2811 1054 2884 in
1078 2810 1261 2909 publicum
1283 2810 1478 2910 propositis,
1501 2819 1581 2886 tum
1604 2809 1718 2887 libera
1738 2809 1879 2909 semper

418 2941 625 3043 professione
663 2951 772 3041 atque
806 2943 888 3018 viva
920 2965 1016 3018 voce.
1085 2942 1242 3018 Tandem
1280 2942 1548 3017 matrimonium
1581 2941 1760 3018 comm
1793 2967 1877 3017 cum

418 3078 492 3152 lilia
523 3074 723 3152 nobilillimi
756 3085 794 3149 et
829 3071 1005 3151 clarissimi
1038 3072 1172 3148 domini
1205 3072 1251 3147 de
1284 3072 1476 3174 Oclryltrie,
1511 3097 1595 3148 cum
1621 3098 1694 3173 qua
1724 3073 1880 3149 solicitas·

419 3210 528 3308 longo
558 3217 719 3306 tempore
751 3206 851 3292 vixit,
885 3205 1041 3280 infinitas
1074 3229 1166 3303 pene
1198 3204 1404 3281 mortalium
1432 3206 1569 3282 animas
1600 3204 1738 3281 Christo
1771 3204 1878 3279 lucri·

418 3340 551 3416 faciens
596 3338 710 3416 fidelia
755 3337 883 3415 Christi
928 3361 1068 3439 praeco,
1107 3347 1145 3412 et
1184 3337 1326 3414 audites
1366 3336 1529 3414 ecclesiae
1570 3336 1880 3436 Edinburgenfis';

420 3496 528 3570 quem
559 3495 625 3547 nec
658 3468 831 3547 nobilium
863 3493 930 3544 nec
962 3467 1171 3568 pontificum
1204 3469 1258 3544 vis
1289 3467 1373 3555 ulla
1407 3493 1473 3545 nec
1512 3467 1743 3567 sophistarum
1774 3468 1882 3544 innu-

419 3601 645 3680 merabilium
676 3600 773 3678 sraus
802 3625 960 3701 unquam
992 3602 1050 3678 vel
1081 3599 1263 3676 tantillum
1294 3598 1434 3677 terruit.
1498 3599 1705 3699 Praecipuis
1736 3598 1879 3677 Galliae

421 3744 459 3809 et
484 3732 697 3811 Germaniae
720 3733 910 3808 academiis
937 3729 1120 3831 singularis
1145 3731 1278 3832 ingenii
1302 3730 1557 3832 dostrinaeque
1582 3730 1688 3808 bute
1712 3731 1882 3832 cognitae

421 3868 499 3945 salt
549 3867 707 3944 Oramus
732 3877 811 3942 erat
834 3867 998 3943 miranda
1021 3878 1059 3942 et
1084 3866 1190 3966 plane
1212 3862 1332 3939 divina
1358 3861 1572 3961 eloquentia,
1602 3886 1741 3938 necnon
1758 3863 1880 3940 animi

421 3998 630 4076 fortitudine
661 4008 699 4073 et
725 3999 919 4075 constantia
946 3994 1132 4097 lingulari3
1160 4017 1266 4069 nemo
1295 3992 1391 4069 enim
1419 3993 1469 4068 est
1497 3991 1559 4092 qui
1588 3992 1663 4091 ejus
1695 3991 1803 4070 sidem
1841 4003 1881 4069 ot

421 4129 631 4231 patientiam
662 4139 720 4205 tot
758 4128 947 4216 aerumnis,
988 4137 1091 4204 tanta
1128 4123 1380 4225 persecutione,
1423 4123 1600 4225 exilioque
1636 4124 1806 4201 diuunno
1840 4135 1880 4202 et

421 4264 532 4364 gravi,
555 4263 720 4341 testatam
745 4286 818 4339 non
846 4259 1033 4348 collaudet,
1058 4239 1136 4335 'non
1161 4254 1366 4342 admiratum,
1398 4280 1472 4332 non
1497 4253 1747 4354 amplectatur.
1798 4253 1881 4332 Boc

422 4419 511 4472 aevo
557 4395 673 4473 nostro
714 4403 887 4490 tanquam
926 4390 1051 4467 lucifer
1096 4399 1134 4466 et
1182 4387 1328 4488 quidum
1367 4387 1418 4463 sol
1460 4385 1711 4487 praesulgidus,
1758 4386 1882 4463 divino

422 4522 577 4626 quodam
604 4546 752 4600 mamere
781 4533 821 4601 et
847 4521 1072 4623 providentia
1097 4519 1260 4598 ecclesiae
1293 4517 1472 4621 depreffae
1501 4530 1539 4596 et
1563 4519 1791 4596 conculcatae
1823 4543 1882 4594 re·

424 4657 581 4735 medium
612 4655 729 4745 dabra
755 4655 827 4734 suis
853 4652 1122 4754 exquisitislimis
1149 4652 1473 4740 declamationibus,
1504 4663 1542 4727 et
1570 4651 1759 4751 apostolico
1792 4676 1890 4752 quo·
