4470 5962
380 540 426 607 9⁰
775 538 841 604 DE
875 534 1220 604 SCRIPTORIBUS
1252 535 1423 603 SGOTIS.

374 726 517 822 juvenis
539 725 702 803 scientias
723 725 980 825 philosophieoe
996 724 1187 824 diligenter
1203 723 1337 811 didicit,
1360 734 1399 801 et
1422 725 1470 800 ud
1491 723 1712 824 theologiam
1727 733 1848 801 aetate

381 859 576 936 maturiore
614 857 814 961 progressus
842 860 900 935 est
960 859 1129 957 Mngnnm
1158 855 1253 930 inter
1283 853 1365 930 suoe
1392 854 1646 932 authoritatem
1678 855 1848 954 [udeptne

382 991 460 1085 est]‚
478 1003 516 1068 et
539 993 638 1068 illum
659 1018 767 1092 quem
790 990 895 1091 supro
919 990 1114 1066 memorari
1135 987 1357 1087 dignitatem,
1383 1011 1455 1084 quo
1479 998 1642 1086 tempore
1667 987 1848 1064 suornnrm

382 1121 648 1222 Scripturerum
680 1124 828 1200 sedtioni
861 1132 899 1198 et
931 1119 1166 1206 meditationi,
1203 1119 1353 1195 eueterie
1384 1144 1477 1219 pene
1508 1120 1630 1197 studiis
1661 1120 1846 1220 negledtie,

382 1245 418 1328 se
445 1255 591 1331 dedidit.
652 1257 754 1332 Adeo
783 1254 937 1353 deniqne
969 1253 1091 1330 studiis
1115 1253 1276 1352 proserit,
1307 1263 1350 1328 nt
1373 1279 1397 1328 e
1419 1279 1505 1353 rege
1530 1254 1578 1329 ud
1607 1253 1847 1354 episeopntum

383 1388 670 1464 Aberdonensem
701 1387 743 1463 fit
772 1387 928 1474 evetius,
963 1406 1072 1487 quam
1106 1385 1272 1484 Spartam
1307 1388 1436 1462 nudius
1468 1385 1589 1462 sedulo
1621 1387 1846 1474 udornubnt3

382 1544 512 1620 magno
546 1521 642 1596 enim
683 1523 860 1597 bonorum
900 1519 1087 1596 literarum
1127 1516 1380 1604 emolumento,
1417 1517 1649 1594 studiosorum
1688 1518 1847 1597 virorum

381 1650 600 1751 gymnnfium
624 1653 765 1752 primns.
784 1651 846 1728 ille
869 1650 987 1750 posuit
1012 1661 1050 1727 et
1074 1648 1233 1736 instituit
1256 1648 1482 1748 Regiumque
1508 1648 1710 1750 Collegium
1736 1650 1777 1727 in
1801 1675 1847 1728 eo

382 1783 586 1871 construxit,
615 1793 657 1858 ut
686 1784 846 1859 omnium
878 1782 952 1858 illio
980 1781 1227 1859 dodirinnrum
1254 1805 1388 1881 genere
1416 1792 1454 1857 et
1479 1780 1613 1858 urtium
1639 1781 1845 1882 disciplim

383 1915 605 1993 auditoribus
632 1925 926 2015 proponerentur.
993 1915 1049 1990 De
1078 1939 1122 1990 eo
1154 1915 1202 1993 ud
1232 1913 1411 1991 Juoobum
1437 1914 1623 2003 Quintum,
1653 1915 1845 1996 Sootorum

382 2071 514 2146 regem,
539 2047 593 2123 itu
614 2047 736 2123 scribit
761 2047 900 2123 Hedtor
916 2046 1099 2124 Boethium
1142 2045 1382 2133 “Postremo,”
1405 2047 1533 2145 inquit,
1557 2048 1712 2124 “multis
1733 2048 1846 2126 virtu·

381 2179 479 2256 ebur
517 2178 754 2279 suspiciendus
791 2178 1003 2255 Wilhelmue
1043 2178 1303 2279 Elphinstonue,
1337 2178 1532 2278 Episoopus
1574 2179 1843 2268 Aberdonenfie,

382 2334 451 2398 nvo
475 2322 541 2387 tuo
567 2322 740 2420 regnante
765 2311 868 2412 regni
894 2311 1134 2398 euneellariue,
1163 2335 1207 2388 ao
1235 2313 1331 2410 petri
1354 2322 1420 2388 tuo
1444 2311 1592 2388 intimus
1616 2311 1843 2402 ooniilinriue,

383 2443 550 2541 omnique
579 2445 656 2543 ejus
681 2467 793 2544 regno
820 2467 843 2519 a
870 2442 1050 2519 secretiori
1079 2440 1202 2543 tigillo,
1231 2445 1291 2520 cui
1321 2469 1387 2522 noe
1416 2445 1586 2545 quioquid
1614 2446 1664 2523 est
1690 2445 1841 2534 frudtue

381 2599 490 2676 quem
516 2575 573 2652 his
597 2575 723 2652 nostrie
751 2573 973 2679 assequemur
1000 2575 1196 2664 sudoribus,
1223 2601 1329 2655 omne
1360 2577 1467 2654 semel
1496 2578 1676 2667 debemur,
1706 2589 1749 2655 nt
1779 2580 1842 2680 qui

381 2709 518 2809 primns
550 2708 713 2809 diligenti
744 2708 911 2808 indagine
940 2718 1056 2806 quum
1085 2734 1228 2785 omnem
1256 2734 1368 2809 prope
1402 2709 1560 2786 Sootinm
1592 2707 1840 2815 perlustrasset,

381 2843 406 2918 fi
440 2866 512 2944 quo
544 2843 583 2918 in
615 2842 694 2918 loeo
726 2842 883 2940 reperire
911 2838 1025 2939 posset
1059 2852 1163 2917 vetus
1191 2842 1306 2917 ullum
1334 2867 1456 2918 rernm
1485 2843 1684 2919 nostrerum
1715 2868 1842 2921 monu-

381 2987 552 3064 mentum,
586 2999 629 3052 no
661 2974 830 3075 quicquid
863 2984 1047 3074 repertum
1075 2973 1224 3053 eratin
1257 2975 1376 3052 lueem
1407 2975 1505 3052 velut
1534 3002 1555 3050 e
1581 2976 1680 3052 venis
1705 2974 1840 3053 filieum

381 3107 576 3206 ignimrlum
604 3104 820 3192 extruxisset,
849 3106 995 3182 tundem
1024 3131 1071 3181 ex
1098 3106 1188 3183 Ione
1215 3105 1330 3184 insule
1356 3107 1497 3206 gustum
1527 3109 1707 3206 quendum
1731 3109 1840 3185 modo

381 3240 600 3315 veremundi
632 3263 675 3316 ne
707 3238 927 3337 reliquorum
960 3238 1168 3338 percipiens,
1201 3240 1340 3339 potuine
1373 3265 1504 3328 amore,
1534 3240 1596 3317 etfi
1629 3240 1839 3341 graviffimio

381 3371 655 3473 distringebatur
691 3370 852 3472 negotiis,
888 3381 1011 3448 tumen
1044 3381 1187 3448 tuntum
1219 3372 1379 3447 laborem
1412 3371 1529 3448 subire
1561 3373 1659 3448 hund
1692 3372 1837 3460 veritum,

381 3505 561 3581 historiam
588 3503 739 3580 seribere
768 3504 913 3580 exorsus
937 3505 1014 3592 est;
1043 3529 1152 3603 quum
1180 3503 1244 3583 nisi
1271 3530 1402 3604 magno
1427 3505 1482 3580 rei
1510 3505 1699 3594 literni-ine,
1728 3517 1839 3606 utque

381 3637 471 3712 adeo
503 3635 719 3736 reipublicae
748 3635 886 3712 nostrue
917 3636 1057 3725 dumno,
1090 3661 1114 3711 e
1146 3636 1231 3713 sntio
1256 3648 1473 3737 praeventum
1499 3638 1747 3738 impersettam
1782 3664 1840 3716 re-

380 3767 543 3868 liquifl'et,
576 3769 747 3845 statueret
773 3769 852 3868 jam
889 3778 969 3843 tum
1002 3768 1229 3846 Aberdoniue
1257 3769 1296 3844 in
1329 3771 1457 3870 Reguli
1494 3771 1665 3873 (tullegio,
1705 3796 1840 3873 magno

379 3901 565 3978 literanum
592 3900 813 3977 incremento
839 3901 972 3978 ibidem
997 3903 1175 3988 extnrsto,
1204 3901 1411 3980 servendum
1440 3904 1647 4003 deponere.”
1697 3904 1836 3981 Huous-

378 4059 448 4133 que
482 4031 665 4108 Boethine
732 4031 871 4109 Imudot
902 4031 999 4106 hune
1031 4031 1145 4117 valde,
1178 4032 1296 4132 inquit
1328 4034 1505 4111 Gesnerue
1536 4036 1576 4111 in
1611 4035 1837 4134 Bibliotheeu

379 4166 450 4254 sue,
478 4165 651 4241 Bostonue
681 4161 861 4240 Buriensm
885 4164 923 4239 in
946 4189 1077 4264 magno
1102 4163 1325 4263 Scriptorum
1350 4166 1522 4268 Getulogo
1546 4170 1593 4244 ob
1624 4167 1837 4269 fingulnrem

378 4297 625 4375 eruditionem.
676 4296 733 4372 Ex
750 4295 910 4373 oollettie
926 4279 1038 4396 igitur
1052 4295 1236 4373 hincinde
1252 4297 1404 4375 historiis
1419 4300 1587 4377 oonfluvit

528 4429 718 4506 Sootornm
735 4428 946 4517 chronicon,
964 4428 1025 4505 lib.
1042 4449 1069 4503 t

524 4560 767 4638 conciliorum
783 4561 937 4651 Stutute,
953 4561 1015 4639 lib.
1032 4582 1059 4636 n

524 4692 712 4771 lotiones
729 4694 857 4771 Variae
873 4695 911 4770 in
928 4694 1160 4792 Scripturum.
1178 4692 1239 4769 lib.

523 4824 740 4904 Sentiomm
755 4828 793 4906 in
809 4826 932 4906 sotio
946 4827 1021 4906 Bet
1035 4805 1159 4928 gestes,
1174 4826 1241 4912 lit.
1253 4848 1278 4901 1.
