4448 5964
1059 475 1095 545 iv

352 680 567 767 verterem,
605 697 652 750 ac
684 667 841 778 publici
875 668 983 779 juris
1020 668 1209 750 facerem.
1282 670 1408 761 Quod
1444 656 1600 780 pluries
1637 684 1682 752 et
1712 670 1800 767 diu,

351 807 396 888 in
430 806 568 890 seculo
602 808 705 889 adeo
736 807 902 889 erudito
932 819 976 890 et
1009 819 1169 904 nasuto,
1202 819 1372 918 propter
1400 836 1535 891 meam
1568 809 1612 890 in
1645 808 1801 890 Latino

351 972 540 1027 sermone
570 946 802 1044 infantiam,
836 973 1026 1028 necnon
1056 946 1100 1027 in
1128 947 1248 1028 bonis
1276 944 1408 1028 literis
1438 946 1715 1043 insolentiam,
1746 958 1800 1042 et,

351 1082 465 1190 quod
484 1083 714 1165 maximum
734 1096 807 1180 est,
834 1095 1005 1193 propter
1024 1110 1229 1165 summam
1257 1084 1301 1167 in
1321 1112 1366 1166 re
1385 1086 1474 1195 ipsa
1499 1083 1801 1182 difficultatem,

350 1233 514 1303 tentare
562 1234 754 1304 constans
802 1222 950 1304 renui:
998 1248 1144 1303 verum
1192 1220 1304 1303 ultra
1341 1225 1393 1304 ab
1428 1221 1670 1304 hominibus
1716 1221 1799 1303 mei

349 1361 651 1459 amantissimis,
698 1360 923 1442 instantius
968 1360 1105 1442 multo
1152 1386 1278 1469 quam
1325 1371 1459 1458 antea,
1507 1388 1631 1470 super
1668 1387 1717 1440 ea
1754 1385 1800 1440 re

349 1510 528 1607 rogatus,
557 1527 746 1582 recusare
775 1499 937 1581 diutius
964 1498 1144 1609 nequivi,
1175 1497 1279 1606 quin
1308 1525 1412 1608 opus
1440 1498 1520 1580 boc
1547 1498 1726 1579 arduum
1753 1497 1799 1577 in

348 1664 427 1734 me,
467 1635 565 1719 licet
612 1639 777 1720 muneri
815 1651 866 1720 ut
904 1638 1048 1720 decuit
1089 1663 1173 1718 non
1212 1634 1272 1717 ita
1308 1664 1462 1747 parem,
1509 1636 1797 1747 susciperem.’'

348 1775 437 1856 Diu
485 1775 615 1884 igitur
657 1775 701 1857 in
740 1773 880 1857 Gallia
925 1774 1103 1856 haesisse
1150 1773 1342 1869 videtur;
1390 1788 1433 1855 et
1480 1773 1625 1884 lingua
1670 1773 1797 1856 etiam

347 1912 510 1996 Gallica
537 1911 692 1995 librum
721 1913 975 2023 conscripsit,
1008 1912 1124 1994 hunc
1151 1910 1327 1993 titulum
1364 1940 1463 2023 prae
1490 1940 1534 1994 se
1567 1913 1795 1994 ferentem:

347 2063 369 2123 4‘
387 2051 627 2134 L'Histoire
651 2052 704 2133 de
732 2050 774 2132 la
801 2051 1063 2148 Conscience,
1092 2078 1165 2161 par
1186 2050 1324 2133 David
1343 2050 1587 2133 Buchanan.
1646 2051 1796 2158 Fuyle

346 2192 438 2287 mol,
473 2192 566 2299 Foy
600 2194 634 2272 le
666 2193 792 2274 bien.”
865 2193 982 2285 1638,
1024 2197 1154 2271 ltmo.
1227 2189 1417 2299 Uterque
1454 2188 1560 2273 liber
1592 2190 1681 2271 sine
1713 2187 1793 2270 loci

346 2328 501 2409 indicio
548 2339 621 2409 est.
710 2328 811 2409 Post
859 2338 1018 2437 septem
1065 2355 1270 2409 annorum
1321 2327 1602 2423 intervallum,
1650 2327 1795 2435 lingua

345 2465 478 2548 edidit
496 2463 727 2574 Anglicana
755 2466 844 2546 sine
873 2465 1052 2547 auctoris
1070 2465 1251 2562 nomine,
1282 2476 1305 2514 ‘⁶
1324 2466 1465 2547 Truth
1493 2467 1548 2548 its
1568 2465 1793 2559 Manifest;

346 2633 392 2686 or
424 2633 449 2685 a
482 2603 599 2686 short
636 2604 719 2685 and
759 2614 854 2684 true
888 2601 1085 2684 Relation
1119 2603 1169 2683 of
1201 2603 1336 2685 divers
1374 2605 1486 2685 main
1522 2604 1716 2712 Passages
1749 2603 1798 2684 of

345 2743 488 2852 things
519 2743 580 2844 (in
610 2770 722 2823 some
757 2740 944 2823 whereof
966 2741 1040 2823 the
1069 2743 1184 2823 Scots
1212 2769 1281 2822 are
1309 2740 1580 2851 particularly
1600 2769 1795 2823 concern-

344 2882 413 2988 ed)
443 2881 550 2962 from
571 2880 645 2962 the
664 2908 762 2989 very
782 2879 874 2961 first
893 2881 1122 2988 beginning
1150 2878 1198 2958 of
1223 2878 1340 2960 these
1368 2879 1569 2991 unhappy
1589 2878 1793 2962 Troubles

343 3033 389 3102 to
418 3018 503 3101 this
536 3019 627 3126 day.
696 3017 926 3101 Published
959 3019 1014 3124 by
1049 3014 1316 3126 Authority.”
1379 3018 1513 3100 Lond.
1550 3020 1668 3115 1645,
1703 3027 1792 3100 8νο.

343 3157 508 3239 Civium
542 3184 712 3239 suorum
746 3184 910 3239 causam
949 3184 1024 3267 pro
1059 3154 1168 3237 virili
1202 3158 1345 3251 oravit,
1387 3170 1430 3238 et
1468 3184 1552 3237 non
1586 3156 1792 3238 modicam

343 3293 490 3403 Anglis
522 3294 699 3377 concivit
727 3295 844 3376 iram.
902 3280 1116 3377 Libellum
1145 3293 1273 3402 igitur
1301 3293 1487 3403 vulgavit
1518 3296 1655 3376 nescio
1685 3295 1791 3402 quis,

342 3446 363 3483 ‘⁴
391 3431 594 3515 Manifest
627 3433 811 3528 Truths3
852 3461 898 3515 or
937 3463 989 3515 an
1030 3432 1245 3515 Inversion
1284 3431 1332 3513 of
1365 3431 1525 3516 'l'ruths
1564 3432 1789 3514 Manifest:

341 3571 584 3680 containing
616 3601 640 3652 a
674 3571 899 3654 Narration
934 3573 982 3654 of
1010 3571 1084 3654 the
1118 3570 1393 3678 Proceedings
1424 3572 1473 3652 of
1506 3571 1578 3653 the
1609 3571 1790 3653 Scottish

341 3710 484 3820 Army,
515 3710 599 3791 and
627 3739 651 3791 a
679 3709 950 3792 Vindication
978 3711 1026 3791 of
1051 3708 1125 3791 the
1155 3708 1411 3790 Parliament
1438 3710 1522 3791 and
1550 3709 1792 3819 Kingdome

342 3847 390 3930 of
423 3846 621 3956 England
660 3846 765 3928 from
805 3846 879 3928 the
916 3845 1018 3928 false
1058 3847 1142 3928 and
1178 3847 1384 3958 injurious
1422 3847 1667 3958 Aspersions
1704 3860 1791 3931 cast

339 4017 394 4069 on
430 3985 545 4068 them
579 3986 634 4093 by
665 3984 738 4065 the
769 3983 935 4066 Author
969 3984 1018 4065 of
1049 3983 1123 4065 the
1156 3984 1245 4065 said
1278 3985 1489 4067 Manifest.
1560 3985 1790 4068 Published

338 4129 394 4235 by
429 4123 704 4207 Authoritie.”
762 4121 897 4204 Lond.
938 4124 1055 4221 1646,
1094 4131 1176 4203 4to.
1234 4122 1377 4204 Vitam
1415 4124 1589 4207 Joannis
1627 4125 1785 4207 Knoxii

340 4260 515 4372 Anglice
554 4260 807 4369 conscripsit,
847 4273 901 4357 et,
943 4287 1028 4342 una
1065 4288 1160 4344 cum
1208 4261 1395 4371 ejusdem
1434 4261 1622 4344 Historia
1659 4264 1790 4344 refor-

339 4411 475 4485 matae
504 4399 616 4509 apud
640 4401 781 4481 Scotos
817 4397 1058 4507 Religionis,
1087 4399 1271 4481 Londini
1292 4411 1334 4481 et
1355 4400 1590 4509 Edinburgi
1619 4429 1789 4510 quoque

337 4539 473 4622 edidit
504 4564 613 4619 anno
644 4547 855 4648 reparatae
888 4535 1035 4619 salutis
1073 4537 1187 4617 1644.
1246 4538 1298 4618 In
1330 4537 1407 4619 hac
1439 4550 1580 4621 autem
1614 4539 1787 4621 historia

335 4677 502 4765 edenda
529 4703 615 4761 non
634 4676 732 4761 satis
759 4673 942 4762 fideliter
961 4686 1145 4758 versatus
1164 4685 1250 4769 est;
1280 4675 1434 4758 etenim
1463 4676 1599 4759 multa
1617 4677 1785 4775 delevit,
