4448 5964
780 491 845 556 Dr.
880 488 1224 560 SCRIPTORIBUS
1256 495 1425 563 SCOTIS.

528 676 700 777 Epistolas
715 678 762 752 ad
778 679 940 767 diversos,
958 681 1018 754 lib.
1036 702 1061 754 1.

528 810 572 883 In
592 808 816 907 [secundam]
835 813 1028 889 editionem
1044 814 1187 900 Donati,
1204 815 1264 890 lib.
1282 837 1307 890 1.

528 943 572 1014 In
588 941 758 1017 Prisciani
774 944 949 1030 volumen,
967 944 1027 1018 lib.
1045 966 1070 1017 1.

528 1073 695 1148 Carmina
710 1074 833 1149 diverfi
850 1075 999 1175 generis,
1012 1076 1073 1151 lib.
1091 1097 1116 1148 1.

381 1205 503 1280 Edidit
544 1217 581 1281 et
618 1206 788 1305 Hymnos,
831 1209 960 1307 quibus
1001 1207 1144 1282 ecclelia
1175 1210 1290 1285 utitur
1322 1212 1418 1308 apud
1449 1211 1658 1310 pontificios,
1692 1212 1843 1300 scilicet,

382 1336 530 1411 “Hostis
555 1337 715 1411 Herodes
741 1338 878 1436 impie‚”
903 1350 940 1414 et
966 1341 1030 1413 “A
1058 1339 1151 1413 Solis
1172 1349 1272 1414 ortus
1297 1341 1468 1428 cardine,”
1492 1352 1601 1441 atque
1625 1343 1697 1419 alia
1721 1344 1835 1443 plura

383 1468 451 1541 llic
484 1470 638 1556 tandem,
672 1480 714 1543 ut
748 1470 955 1568 Sigebertus
985 1471 1115 1557 scribit,
1146 1470 1327 1569 episcopus
1360 1472 1543 1548 ordinatus
1575 1473 1654 1562 fuit
1687 1474 1749 1549 sed
1779 1500 1838 1551 eo

382 1598 519 1675 olefiam
546 1601 603 1674 vel
631 1604 756 1676 urbem
786 1604 848 1677 ubi
875 1629 947 1678 non
977 1604 1155 1702 exprimit.
1223 1604 1361 1679 Claruit
1390 1630 1485 1679 anno
1514 1605 1642 1679 Christi
1671 1609 1748 1681 434
1772 1604 1837 1681 sub

382 1731 530 1807 Caesare
559 1731 750 1807 Theodosio
772 1733 925 1830 juniore,
951 1734 1117 1834 Fergufio
1143 1736 1305 1811 &cundo
1332 1737 1370 1810 in
1400 1737 1520 1812 Scotia
1545 1748 1728 1836 regnante.
1781 1739 1837 1814 De

383 1865 450 1940 hoo
467 1864 616 1940 auttore
632 1866 737 1963 plura
754 1842 910 1941 scribunt
928 1867 1135 1967 Sigebertus
1150 1881 1188 1944 et
1205 1869 1352 1945 Bostius.

827 2164 893 2237 DE
932 2165 1117 2240 SANCTO
1154 2163 1393 2238 PATRIGIO.

384 2394 600 2479 Panormus,
636 2392 877 2469 Hibernorum
910 2397 1106 2493 Apostolus,
1140 2393 1284 2467 natione
1323 2393 1460 2477 Sootus,
1493 2392 1540 2466 ad
1578 2392 1760 2492 Kilpatrik
1801 2394 1838 2468 in

343 2610 357 2639 ι
385 2525 504 2599 Scotia
533 2528 582 2598 22
609 2526 666 2600 die
703 2526 850 2625 Augusti
877 2526 914 2600 in
944 2527 1060 2601 lucem
1087 2525 1212 2610 editus,
1242 2525 1287 2598 ab
1313 2523 1458 2597 ineunte
1487 2533 1606 2598 aetate
1630 2549 1653 2597 a
1680 2526 1839 2623 parenti-

385 2660 450 2731 bus
483 2658 587 2731 sacris
619 2657 731 2732 literis
767 2660 922 2733 traditur
957 2658 1176 2732 imbuendus.
1245 2654 1322 2753 Ipse
1362 2680 1446 2729 vero
1479 2655 1638 2729 animum
1673 2657 1840 2733 adhibuit

384 2787 568 2861 literarum
598 2788 726 2873 studiis
761 2789 949 2886 praecipue
978 2799 1099 2862 tamen
1125 2787 1276 2887 psalmis,
1310 2788 1459 2886 hymnis,
1489 2799 1527 2862 et
1560 2789 1707 2863 canticis
1739 2790 1839 2888 spiri·

384 2919 539 2992 tualibus
577 2918 758 3005 discendis,
797 2918 834 2991 in
868 2919 1013 3017 jejuniis
1052 2930 1089 2993 ct
1127 2918 1257 3018 vigiliis
1292 2919 1423 3006 multis,
1457 2945 1500 2994 ac
1531 2920 1600 3018 piis
1632 2920 1838 2996 sanctorum

384 3051 546 3123 labomm
580 3050 759 3125 exercitiis
792 3075 919 3149 corpus
955 3062 1119 3125 tenerum
1160 3064 1356 3126 conterens
1417 3051 1532 3127 Simul
1563 3077 1606 3126 ac
1639 3053 1711 3151 ipse
1746 3022 1851 3152 puer⁸

385 3182 523 3254 sextum
562 3182 737 3256 decimum
771 3180 940 3280 attigisset
980 3208 1124 3269 annum,
1158 3208 1239 3257 cum
1272 3182 1351 3257 aliis
1388 3183 1549 3281 pluribus
1592 3185 1838 3283 compatriotis

385 3338 408 3386 a
446 3313 570 3410 piratis
611 3313 699 3387 fines
740 3313 820 3388 illos
857 3314 1133 3412 depretiantibus
1173 3314 1319 3411 rapitur,
1358 3324 1395 3387 et
1428 3314 1466 3386 in
1495 3314 1705 3389 Hiberniam
1739 3317 1839 3391 duci-

384 3456 454 3519 tur.
522 3445 647 3520 Postea
679 3470 701 3518 a
734 3444 901 3519 servitute
943 3446 1114 3520 liberatus
1147 3445 1184 3517 in
1218 3443 1441 3518 Britanniam
1479 3444 1595 3556 rediit,
1629 3446 1691 3520 ubi
1724 3449 1838 3522 bonos

385 3578 506 3651 literas
533 3577 636 3651 avide
669 3575 887 3675 scienterque
922 3576 1053 3651 discere
1087 3574 1213 3672 coepit,
1247 3574 1390 3673 optimis
1422 3573 1503 3649 usus
1535 3577 1836 3677 praeceptoribus,

385 3711 446 3809 qui
475 3711 670 3785 Martinam
703 3709 917 3784 aumculum
951 3709 1077 3807 prime,
1112 3715 1150 3783 et
1178 3705 1397 3780 Germanum
1430 3705 1739 3785 Altiliodorensem
1774 3735 1838 3785 an-

383 3842 528 3916 tistitem
550 3842 676 3939 postea,
707 3842 793 3915 dum
822 3841 882 3915 ille
912 3841 1105 3915 Britannos
1132 3864 1156 3913 a
1183 3835 1375 3934 Pelaginna
1402 3837 1534 3912 haeresi
1563 3840 1742 3928 liberaret,
1771 3866 1839 3940 per

384 3976 516 4050 multos
557 3999 668 4048 annos
700 3982 947 4071 praeceptores
988 3969 1210 4048 observant:
1261 3993 1284 4042 a
1321 3968 1482 4043 Palladio
1521 3970 1708 4057 institutus,
1748 3973 1837 4048 teste

385 4107 613 4181 Buohanauo.
661 4105 799 4178 Deinde
829 4103 867 4177 in
896 4104 1049 4204 patriam
1078 4101 1219 4177 rediens
1244 4099 1291 4172 ad
1316 4098 1557 4176 Glastoniense
1585 4103 1837 4179 monasterium

383 4234 524 4321 secessu,
558 4235 678 4334 ibique
707 4234 786 4334 plus
814 4260 921 4332 quam
941 4234 1043 4308 annis
1071 4232 1219 4331 tn'ginta
1243 4230 1342 4303 vixit.
1394 4231 1551 4307 Tandem
1576 4234 1729 4310 Romam
1753 4260 1837 4335 pro-

382 4370 507 4454 fedtus,
550 4368 596 4442 ad
632 4365 811 4439 Hibernos
849 4363 1019 4440 insulares
1050 4390 1073 4439 a
1105 4363 1300 4438 Caelestino
1340 4364 1462 4439 Primo
1497 4366 1633 4441 Romae
1666 4368 1836 4466 pontifice

382 4500 557 4598 apostolus
586 4498 804 4582 mittebatur,
834 4521 916 4570 cum
951 4496 1094 4595 Segetio
1126 4493 1337 4593 presbytero,
1368 4496 1430 4594 qui
1461 4498 1674 4597 Pelagianae
1701 4500 1837 4579 haeresi

382 4633 420 4705 in
449 4631 605 4705 Scotiam
639 4628 829 4727 pullulanti
862 4627 1003 4702 obviam
1036 4627 1115 4711 iret,
1148 4625 1223 4722 post
1252 4625 1452 4700 Palladium
1485 4628 1705 4705 defunctum.
1763 4632 1837 4709 Sed

381 4763 563 4863 postquam
590 4761 640 4835 ibi
669 4757 826 4835 haeresin
855 4758 953 4833 illam
987 4754 1201 4842 eradicaffet,
1230 4768 1268 4831 et
1298 4757 1424 4833 lacella
1457 4760 1556 4836 varia
1583 4760 1768 4851 ftmdalset,
1796 4765 1836 4841 in
