4448 5964
681 532 746 600 DE
784 530 1129 602 SCRIPTORIBUS
1165 533 1334 601 SCOTIS.
1709 544 1731 605 8
1831 579 1838 593 .

263 723 374 801 animi
397 732 520 800 tamen
544 720 767 798 exhilarandi
791 721 908 821 gratia
933 720 1070 820 saepius
1093 721 1253 798 earmina
1273 719 1526 822 elegantissima
1548 734 1586 800 et
1606 724 1725 801 suavia

262 856 417 933 condere
451 854 606 943 solebat3
641 855 732 931 adeo
755 864 797 929 ut
833 853 980 929 tandem
1018 854 1063 929 de
1088 854 1234 954 Origine
1269 854 1323 930 sui
1356 854 1527 931 Coenobii
1557 856 1725 932 Carmina

265 988 449 1089 scripserit,

414 1122 470 1197 De
495 1119 687 1196 illustribus
710 1117 895 1194 Monaehis
920 1117 973 1192 sui
997 1119 1189 1218 Temporis,

414 1253 470 1328 De
495 1252 675 1328 Laudibus
698 1251 863 1351 Episcopi
886 1248 1066 1335 Eadfredi,

264 1395 301 1460 et
325 1384 397 1460 alia
422 1384 605 1483 quaedam.
656 1382 795 1459 claruit
815 1407 910 1458 auno
934 1406 957 1457 a
981 1380 1094 1490 salute
1116 1404 1182 1479 per
1202 1379 1379 1456 Christum
1403 1390 1508 1479 parta
1530 1383 1613 1469 750,
1636 1383 1721 1457 dum

264 1527 430 1618 regnaret
454 1516 631 1592 Ethfinus.

750 1809 818 1884 DE
842 1807 1057 1884 oLAUDIO
1082 1807 1242 1884 SOOTO.

262 2045 461 2121 (susumus
485 2041 637 2131 Scordo,
675 2042 714 2116 in
739 2039 867 2117 Fisenli
898 2039 1080 2139 provincia
1115 2062 1227 2139 prope
1262 2038 1509 2118 Falklandiam
1543 2052 1649 2118 natus
1672 2068 1718 2119 ex

262 2177 412 2277 antiqua
445 2176 633 2252 Scotorum
670 2172 814 2261 familia,
853 2182 891 2248 et
924 2173 1096 2249 educatus
1132 2171 1227 2247 inter
1263 2174 1455 2250 monachos
1487 2176 1720 2275 Andreapoli·

261 2321 366 2391 tanos
389 2309 429 2384 in
452 2318 632 2384 conventu
656 2317 694 2382 et
717 2305 928 2382 monasterio
952 2304 1300 2404 Augustinianorum,
1329 2306 1582 2406 injuventute
1605 2307 1718 2385 anim·

261 2467 325 2518 mn
350 2440 479 2517 divinis
502 2439 616 2517 literis
641 2450 740 2516 totus
763 2437 911 2524 addixit,
940 2438 1031 2514 adeo
1056 2446 1097 2512 ut
1122 2436 1217 2512 inter
1240 2437 1374 2536 primos
1397 2436 1615 2516 doctissimus
1638 2462 1719 2516 eva·

262 2574 371 2662 serit3
404 2573 532 2650 deinde
556 2572 716 2649 omnium
740 2567 908 2646 consensu
932 2579 970 2645 et
1005 2566 1228 2668 persuasione
1255 2570 1315 2646 ad'
1326 2569 1485 2670 regimen
1518 2572 1718 2648 monasterii

262 2706 444 2793 invitatus,
476 2705 630 2804 ingenue
663 2712 701 2779 et
734 2702 932 2778 constanter
963 2700 1147 2788 recusavit,
1164 2701 1378 2802 respondens
1401 2702 1437 2779 se
1461 2704 1569 2780 malle
1593 2704 1632 2781 in
1655 2703 1718 2781 suo

263 2840 343 2914 loco
367 2838 481 2914 sobrie
506 2861 652 2937 operam
675 2834 781 2912 sacris
805 2832 918 2909 literis
943 2833 1037 2920 dare,
1063 2858 1172 2933 quam
1195 2834 1243 2910 ud
1265 2835 1375 2913 talem
1398 2836 1549 2936 gradum
1573 2837 1718 2913 honoris

263 2968 505 3058 conscendere,
530 2980 694 3045 metuens
718 2967 807 3041 illud
832 2960 1089 3041 Horatianum:

659 3131 780 3211 Saepius
798 3129 893 3190 ventis
912 3129 1037 3209 agitatur
1054 3125 1158 3208 ingens

657 3243 750 3303 Pinus
758 3265 769 3314 3
790 3248 820 3302 et
838 3239 928 3302 celsae
945 3240 1075 3321 graviora
1089 3240 1157 3302 casu

658 3352 806 3415 Decidunt
819 3359 920 3421 mnes,
936 3349 1101 3433 feriuntque
1118 3353 1245 3416 summos

818 3461 954 3524 Fulmina
969 3472 1091 3529 montes.

264 3611 409 3712 Scripfit

412 3741 677 3819 Commentario
701 3741 740 3815 in
763 3740 997 3826 Matthaeum,
1022 3741 1061 3817 in
1085 3740 1258 3828 Murcum,
1282 3751 1320 3816 et
1343 3741 1382 3817 in
1405 3743 1590 3820 Joannem.

411 3874 585 3973 Epistulas
608 3873 725 3949 varias
748 3873 796 3949 ad
819 3871 1038 3947 Ludovicum
1062 3872 1249 3949 Gallorum
1272 3898 1404 3974 regem,

264 4008 365 4107 eujus
392 4007 611 4082 mentionem
646 4005 732 4082 facit
767 4003 907 4104 ipsein
936 4003 1154 4103 praefatione
1188 4004 1241 4082 sui
1265 4006 1529 4085 Commentarii.
1578 4007 1716 4083 Obruit

262 4164 357 4217 anno
381 4140 558 4214 humanae
583 4137 705 4214 salutis
730 4141 814 4212 816.

810 4428 877 4506 DE
902 4427 1166 4506 GERVADIO.

258 4667 500 4752 emvmme
525 4661 669 4763 inagna
691 4659 836 4738 neone
860 4657 998 4747 scotus,
1023 4657 1199 4758 musque
1223 4657 1285 4734 aa
1308 4614 1438 4737 naas
1461 4663 1626 4738 monui
1650 4664 1714 4739 na

262 4798 399 4876 Acbaio
427 4821 513 4897 rege
536 4796 576 4875 iu
600 4794 761 4874 Moravia
793 4792 902 4870 fidem
925 4789 1053 4868 Christi
1076 4789 1353 4890 praedicabam
1389 4817 1462 4892 quo
1492 4794 1601 4870 etiam
1629 4807 1719 4872 tem·
