4448 5964
377 511 422 575 42
777 504 844 575 DE
881 506 1224 575 SCRIPTORIBUS
1259 503 1429 573 scoms.

379 696 553 794 Denique,
576 705 617 770 ut
644 690 696 771 ite
720 696 845 783 dicem,
870 697 939 772 hoc
963 720 1035 770 uno
1061 694 1193 781 infelix,
1220 694 1316 793 quod
1340 692 1601 792 quodamnodo
1617 689 1724 771 nimie
1738 692 1835 783 felin¹

379 827 490 902 nimia
530 851 684 925 nemque
722 827 871 902 feneres
911 807 1057 902 nmem‘
1091 827 1125 901 ei
1165 827 1306 926 peperit
1347 826 1526 901 invium.
1602 827 1838 904 Monumente

380 960 490 1035 etiem
505 957 559 1035 sui
574 959 709 1058 ingenii
726 969 764 1034 et
780 959 989 1035 eruditionis
1005 959 1210 1057 posteritati,
1227 959 1440 1059 posteritatis
1454 982 1602 1047 memor,
1618 959 1787 1058 reliquit:

530 1090 625 1169 Suae
642 1087 944 1189 Peregrinationis
960 1090 1182 1190 Apologium,
1199 1093 1331 1167 librum
1347 1115 1469 1165 unum.

530 1224 586 1298 De
616 1224 856 1322 Reperetione
889 1222 1000 1323 Lapli,
1027 1222 1088 1299 seu
1115 1224 1160 1301 de
1187 1224 1325 1299 Frueu
1360 1221 1617 1308 Poenitentiae
1646 1222 1693 1297 ed
1725 1223 1839 1299 denu-

579 1356 705 1441 crium,
722 1356 798 1430 MS.
815 1356 854 1430 in
870 1355 1029 1454 Collegio
1046 1356 1123 1431 Caii
1142 1354 1401 1452 cantabrigiae,
1419 1354 1479 1428 lib.
1497 1376 1522 1429 1.

531 1487 586 1561 De
603 1487 691 1562 Fide
708 1487 971 1573 Perl'evcrente,
988 1488 1120 1563 librum
1136 1510 1162 1564 1.

529 1619 585 1693 De
622 1619 857 1719 Prognosticis
895 1619 1141 1708 Nativitatum,
1182 1622 1313 1696 librum
1352 1646 1474 1695 unum.
1553 1623 1659 1698 Hunc
1693 1623 1839 1721 juvenis

579 1750 701 1836 edidit,
718 1751 805 1829 dum
821 1750 1042 1827 incumberet
1058 1751 1214 1829 mathefi.

530 1881 638 1959 Liber
670 1883 715 1959 de
745 1882 973 1982 Recipiendis
1005 1882 1123 1983 Leplis
1154 1881 1340 1984 impreffus
1371 1884 1420 1959 est
1452 1883 1491 1957 in
1522 1888 1542 1958 l
1575 1895 1675 1961 tomo
1707 1884 1841 1960 Ortho-

581 2015 892 2114 doxogrephorum
909 2015 1074 2093 Bulileae.

382 2146 534 2223 Caetera
559 2172 631 2224 nou
656 2147 738 2225 lunt
766 2173 957 2247 quoquam,
982 2150 1078 2248 quod
1103 2149 1219 2237 sciam,
1249 2149 1419 2249 catalogis
1447 2147 1623 2247 inscripta„
1687 2150 1732 2222 In
1756 2149 1840 2234 fine,

382 2277 459 2374 post
481 2279 598 2356 verice
622 2280 762 2357 labores
785 2282 832 2358 eb
856 2281 924 2359 hec
950 2281 1024 2359 vitu
1048 2282 1225 2380 migravit,
1249 2281 1425 2358 incarnati
1451 2280 1516 2356 filii
1542 2280 1610 2356 Dei
1634 2305 1729 2357 anno
1754 2286 1840 2367 460,

382 2420 544 2508 tempore
561 2412 744 2512 Dongurdi
760 2411 864 2512 regie

949 2707 1016 2781 DE
1040 2707 1270 2785 MERLINO.

383 2936 596 3024 Meumms,
625 2946 861 3035 cognomento
894 2935 1116 3025 Caledonius,
1143 2939 1181 3015 in
1203 2941 1344 3018 Scotiae
1368 2943 1566 3017 confinibus
1595 2940 1664 3016 live
1691 2969 1737 3017 cx
1761 2944 1845 3022 dee·

383 3096 490 3149 moue
515 3071 655 3157 incubo,
680 3080 722 3149 ut
745 3068 851 3147 multi
874 3069 1090 3155 fabulemur,
1113 3069 1182 3148 five
1207 3099 1254 3147 ex
1277 3074 1411 3149 furtiva
1432 3099 1572 3159 venere,
1600 3084 1642 3148 ut
1668 3100 1713 3149 ex
1735 3075 1845 3154 Gildo

385 3213 514 3299 quarto
546 3201 736 3301 colligitur,
769 3212 903 3287 uetm3
936 3202 999 3279 ubi
1027 3201 1228 3280 adolescens
1261 3205 1364 3281 bonis
1396 3199 1511 3281 literis
1538 3230 1683 3303 operum
1717 3206 1843 3293 dedit;

384 3359 467 3413 cum
504 3359 589 3412 vero
620 3344 780 3413 matmoe
808 3331 955 3411 venillet
987 3335 1034 3409 od
1066 3359 1188 3422 annos,
1222 3337 1344 3413 studiis
1376 3337 1567 3436 diligenter
1600 3336 1773 3425 incubuit,
1805 3350 1845 3414 et

386 3468 534 3547 eruditis
561 3469 699 3547 ortibus
722 3492 765 3545 ec
789 3465 903 3544 literis
928 3492 1073 3565 operum
1102 3467 1210 3556 dedit,
1244 3469 1400 3546 scientiis
1428 3469 1538 3545 etiam
1571 3471 1842 3558 mathematicis,

387 3605 459 3680 imo
488 3604 626 3703 magiae
653 3599 871 3701 potiffimum
898 3604 1062 3689 naturali,
1093 3603 1131 3679 in
1164 3602 1292 3700 quibus
1322 3603 1358 3677 se
1386 3603 1506 3700 posteo
1534 3601 1639 3677 nimis
1672 3605 1843 3679 exercuit

386 3737 643 3814 Admirabilem
675 3735 774 3812 illnm
802 3736 961 3834 lapidum
993 3736 1219 3821 structurum,
1251 3734 1448 3832 Gigantum
1486 3734 1662 3810 Chorecm
1704 3746 1844 3821 vocent,

387 3896 479 3970 queo
507 3872 546 3945 in
571 3868 783 3944 hodiernum
807 3867 917 3966 ul'que
944 3867 1040 3945 diem
1065 3869 1104 3942 in
1132 3891 1219 3966 agro
1244 3865 1483 3942 Serilberienli
1507 3866 1730 3964 conspicitur,
1759 3867 1845 3943 illuc

319 3977 322 3983 Ι
386 4030 432 4080 ex
453 4000 627 4078 Hibernia
645 3997 856 4077 trunstrdille
877 3999 1016 4074 dicitm.
1066 3997 1235 4074 Eduxiffe
1256 3998 1366 4075 etiem
1391 3999 1507 4074 fertur
1531 4000 1726 4099 praeltigiis
1743 4000 1846 4076 miris

388 4160 434 4210 ex
465 4133 587 4232 sseguo
623 4130 778 4230 quodum
816 4127 1032 4205 dormientes
1065 4129 1245 4206 dmcoues.
1321 4131 1456 4207 Dicunt
1489 4131 1599 4206 etiam
1640 4133 1737 4231 quod
1773 4132 1845 4208 suis

388 4264 688 4343 incantationibm
724 4261 915 4339 Utherium
950 4285 1073 4360 regem
1111 4261 1149 4334 in
1180 4261 1359 4337 Gorloidis
1398 4262 1599 4338 Cornubiae
1633 4263 1732 4339 ducis
1769 4264 1845 4362 spe·

386 4398 479 4477 ciem
509 4393 825 4482 transformaverit,
853 4404 896 4473 ut
924 4395 1074 4492 Igernce
1102 4391 1224 4469 uxoris
1254 4393 1433 4491 potiretur
1463 4393 1641 4492 amplexu,
1677 4407 1714 4470 et
1747 4397 1845 4494 quod

388 4556 433 4606 ex
462 4553 507 4605 eo
534 4527 725 4605 concubitu
757 4526 911 4603 nefando
944 4525 1145 4603 Arthurum
1178 4534 1217 4600 et
1248 4523 1391 4601 Annum
1421 4525 1595 4623 genuerit.
1659 4527 1844 4602 Praedixit

387 4658 595 4739 Britanniae
627 4659 806 4741 excidium
837 4681 903 4756 per
936 4655 1104 4744 Saxones,
1138 4655 1266 4741 Dacos,
1297 4666 1335 4731 et
1368 4655 1601 4745 Normennos,
1631 4667 1667 4735 et
1699 4658 1845 4756 regibus
