4448 5964
789 543 855 611 DE
893 545 1237 618 SCRIPTORIBUS
1272 550 1440 620 saorla
1815 558 1838 639 7

388 686 702 831 prope'Anguan,
732 731 796 809 ubi
829 733 943 810 literis
967 734 1006 809 in
1033 736 1224 834 J'urentute
1249 740 1405 817 excoluit
1429 740 1634 841 ingenium3
1672 746 1842 822 matures-

386 873 490 938 aaa
514 874 643 952 aeae,
665 863 703 939 in
728 866 899 943 coenobio
921 868 1182 945 uovoaaem
1206 871 1243 947 in
1269 872 1430 948 ornnem
1451 872 1487 947 s.
1510 872 1685 951 amena
1710 876 1841 976 ingres-
1980 850 1984 869 '

386 996 444 1070 sus
477 996 535 1072 est.
587 996 769 1074 Postremo
802 998 932 1074 Oxonii
964 999 1165 1099 supremam
1196 1004 1235 1080 in
1267 1005 1449 1106 theologia
1480 1005 1640 1083 lauream
1672 1011 1722 1085 est
1757 1033 1840 1086 oon-

386 1128 535 1217 secntus,
564 1140 674 1229 atque
706 1130 904 1229 trigesimus
934 1131 1106 1210 secundus
1134 1134 1173 1211 in
1200 1137 1402 1215 scholastica
1431 1139 1613 1240 theologia
1638 1144 1839 1241 praelestor

388 1262 605 1338 constitutus.
657 1261 869 1362 Conscripsrt

536 1393 819 1469 Commentarios
843 1394 882 1469 in
907 1395 1189 1495 Longobardum‚
1214 1398 1275 1474 lib.
1301 1419 1355 1473 Ν.

534 1525 793 1603 Chronicorum
818 1526 925 1626 Opus,
950 1527 1011 1603 lib.
1037 1549 1062 1602 n

536 1658 801 1758 Disputationes
826 1658 1004 1759 quasdam,
1029 1659 1090 1736 lib.
1116 1682 1141 1734 1.

386 1789 435 1864 Et
459 1789 530 1865 aha
562 1789 725 1888 plurima.
776 1789 876 1865 Fatis
906 1790 1058 1891 denique
1087 1788 1183 1868 cellit
1216 1817 1310 1870 anno
1343 1794 1489 1872 Domini
1523 1800 1631 1885 1336,
1667 1811 1838 1899 regnante

386 1922 481 2020 apud
506 1922 632 2000 Scotos
657 1922 794 1999 Davide
820 1923 994 1999 Secundo.

815 2219 884 2295 DE
908 2218 1158 2297 GULIEIMO
1184 2220 1458 2299 MAXVELLO.

386 2456 613 2532 ammanus
636 2451 833 2527 Maxvnn
855 2451 917 2529 seu
941 2450 1151 2540 Mammea
1175 2460 1282 2528 natus
1305 2452 1344 2529 in
1368 2453 1570 2532 Gallovidia
1593 2457 1734 2536 Scotiae
1758 2486 1840 2560 pro·

387 2587 502 2664 vincia
526 2609 639 2686 prope
668 2584 866 2661 Candidam
893 2584 1030 2673 Casum,
1059 2585 1098 2660 in
1123 2585 1315 2683 juventute
1343 2585 1382 2660 in
1412 2587 1515 2664 honis
1543 2588 1657 2667 literis
1688 2592 1839 2670 feliciter

386 2745 411 2796 a
441 2720 650 2820 parentibus
691 2718 883 2805 educatus3
929 2716 1057 2793 deindo
1102 2716 1287 2816 postquam
1330 2717 1454 2794 literas
1494 2718 1722 2799 humaniores
1758 2747 1840 2822 pro-

386 2854 433 2930 be
462 2863 500 2930 et
527 2851 613 2953 scite
642 2850 776 2938 calluit,
809 2849 967 2926 nachoris
996 2859 1033 2927 et
1061 2847 1199 2925 altioris
1226 2846 1414 2925 dcdtrinae
1444 2851 1692 2952 percipiendae
1723 2855 1841 2954 gratia

387 2986 426 3062 in
451 2985 586 3063 Gallias
610 2993 801 3085 parentum
826 3006 912 3059 cura
942 2992 980 3059 et
1008 2978 1172 3081 impensis
1196 2979 1246 3056 est
1271 2978 1464 3079 profectus,
1493 2983 1557 3060 ubl
1580 2984 1619 3060 in
1646 2986 1841 3064 Academia

388 3114 568 3195 Parilienfi
602 3124 640 3192 et
673 3113 915 3215 philosophiae
948 3121 986 3189 et
1017 3111 1219 3212 theologiae
1251 3112 1404 3190 studuit:
1439 3114 1495 3191 vir
1527 3115 1709 3217 religiosae
1745 3118 1840 3196 vitae

388 3261 426 3328 et
449 3249 584 3327 multae
608 3247 782 3343 ledionis
833 3243 978 3345 Scripsit

538 3380 806 3457 Problematnm
830 3379 891 3454 lib.
917 3399 943 3452 n

537 3510 783 3588 Concluhones
807 3509 1012 3596 ordinarias,
1037 3507 1098 3586 lib.
1124 3530 1150 3583 1.

537 3644 726 3720 Orationes
749 3653 787 3720 et
811 3642 984 3742 Epistolas
1007 3640 1133 3716 varias.

388 3778 526 3855 Claruit
541 3801 635 3854 anno
651 3776 836 3854 intimatae
851 3774 949 3876 pacis
964 3772 1189 3873 evangelicae
1206 3774 1314 3861 1340,
1330 3771 1394 3849 sub
1409 3773 1548 3853 Daride
1562 3800 1648 3878 rege
1664 3776 1837 3856 Secundo.

832 4071 900 4148 on
925 4018 1128 4148 mooun
1153 4045 1438 4146 amaruan.

385 4306 497 4380 Hueo
522 4324 574 4378 na
598 4302 806 4389 Hmrnrra,
828 4301 866 4376 in
887 4299 1153 4400 septentrionali
1173 4309 1277 4400 parte
1298 4301 1439 4378 Scotiae
1464 4310 1578 4391 natus,
1603 4302 1721 4379 dictrrs
1740 4304 1792 4381 ita
1813 4330 1835 4380 a

383 4439 462 4514 loco
486 4437 607 4524 natali,
633 4437 729 4536 quod
754 4434 941 4534 scriptores
964 4434 1062 4543 aliud
1087 4434 1163 4532 ejus
1178 4456 1375 4532 cognomen
1398 4432 1688 4533 ignoraverinta
1712 4435 1835 4512 Scoto-

383 4568 552 4646 Hibernis
582 4593 714 4644 nomen
739 4578 776 4642 et
800 4567 974 4667 originem
1002 4567 1168 4652 trahens;
1203 4565 1337 4640 ordinis
1360 4565 1397 4640 S.
1423 4565 1600 4643 Francisci
1628 4569 1832 4654 monachus,

381 4700 444 4799 qui
476 4711 515 4776 et
542 4697 812 4800 superstitiosam
848 4722 920 4796 qua
952 4699 1121 4773 utebatur
1156 4696 1297 4773 vivendi
1331 4698 1482 4774 sormam
1518 4701 1565 4777 ab
1592 4699 1664 4777 illis
1700 4701 1831 4779 didicit.

380 4831 563 4910 Prolixam
592 4831 694 4910 valde
722 4829 1043 4931 peregrinationem
1072 4828 1191 4908 inutili
1223 4829 1298 4908 otio
1325 4854 1525 4932 gyrovagus
1550 4831 1611 4911 hic
1637 4833 1831 4935 monachus
