4448 5964
350 536 391 599 la
740 529 805 594 DE
844 527 1188 597 SCRIPTORIBUS
1226 527 1399 593 SCOTIS.

497 718 776 819 Descriptionem
794 717 943 804 Scotiae,
960 740 1129 791 unacum
1146 715 1290 789 Tabella
1305 715 1568 814 topographica,

348 862 385 926 et
412 853 491 938 alia
522 853 658 926 Romm
684 847 854 948 impressa.
906 848 1004 924 Obiit
1027 872 1122 922 anno
1152 850 1259 930 1596,
1288 845 1374 918 dnm
1400 846 1557 923 Jacobus
1589 848 1721 923 Sextus
1746 873 1801 921 re-

347 985 467 1082 gimen
484 985 624 1058 Scotiae
641 983 837 1056 inchoaret.
1183 989 1188 999 “

724 1273 790 1347 DE
815 1273 1043 1348 ROBERTO
1069 1272 1411 1349 CONSTANTINO.

351 1509 555 1584 Msunrns
584 1508 885 1591 Consranrruus,
916 1504 1003 1578 alias
1032 1505 1208 1591 Constant,
1243 1531 1288 1579 ex
1318 1504 1444 1579 Fisana
1473 1506 1655 1604 provincia
1682 1508 1802 1582 oriun-

351 1642 426 1727 dus,
473 1666 554 1714 cum
596 1639 808 1714 maturiores
841 1638 926 1711 anni
965 1647 1212 1735 praeceptores
1250 1637 1443 1736 poscerent,
1485 1639 1532 1712 ad
1574 1639 1801 1714 Andreauam

351 1773 579 1848 Academiam
609 1772 658 1845 est
682 1768 811 1855 missus,
838 1770 901 1842 uhi
926 1768 1196 1866 quadriennium
1225 1766 1465 1867 philosophiae
1490 1769 1644 1855 studuit;
1675 1770 1802 1845 deinde

350 1906 457 1979 titulo
485 1904 674 2002 magisterii
702 1900 886 2000 infignitus
915 1901 953 1974 in
982 1901 1135 1977 Galliam
1164 1901 1213 1976 est
1240 1902 1431 2000 prosedas,
1462 1903 1508 1977 ad
1533 1904 1661 1979 altiora
1690 1905 1802 1979 studia

351 2035 601 2135 prosequenda
651 2033 716 2106 Vir
740 2032 922 2130 hugularis
948 2032 1156 2107 eruditionis
1178 2044 1216 2108 et
1236 2033 1450 2132 diligentiae,
1475 2035 1738 2111 Distionarium
1758 2063 1803 2112 ex

353 2169 510 2242 Homero
540 2167 690 2264 collegit,
721 2165 865 2262 aliisque
903 2164 1048 2240 Graecis
1081 2167 1203 2261 poetis,
1237 2168 1395 2242 nondum
1428 2168 1604 2255 excusum,
1646 2170 1804 2245 Graecae

352 2301 509 2399 Linguae
535 2298 751 2374 Thesaurum
776 2298 990 2396 recognovit
1014 2307 1050 2371 et
1076 2297 1113 2370 in
1137 2297 1259 2373 multis
1282 2298 1368 2372 locis
1392 2300 1502 2385 auxit,
1530 2301 1582 2374 ita
1606 2311 1648 2374 ut
1672 2326 1805 2375 novum

353 2458 441 2532 opus
457 2433 717 2531 quodammodo
734 2432 923 2507 videretur.
976 2427 1121 2528 Scripsit

501 2566 810 2640 Nomenclatorem
826 2564 1013 2639 illustrium
1030 2561 1260 2658 Scriptomm.

503 2697 747 2772 Correctiones
776 2698 1010 2783 lemmatum,
1037 2706 1075 2769 et
1107 2694 1366 2768 Annotationes
1399 2694 1437 2768 in
1470 2695 1601 2770 librum
1631 2696 1805 2770 Dioscori-

553 2828 608 2902 dis
623 2856 631 2902 τ
649 2853 730 2902 cum
748 2828 869 2903 Amati
886 2826 1147 2902 annotamentis
1163 2826 1200 2900 in
1218 2827 1380 2901 eundem.

502 2959 797 3055 Supplementum
827 2957 985 3057 Linguae
1011 2957 1168 3044 latinae,
1191 2959 1251 3034 seu
1277 2959 1538 3037 Dittionarium
1568 2962 1805 3039 abstrusorum

554 3091 827 3164 Vocabulorum.

355 3219 494 3294 Claruit
542 3247 635 3296 anno
673 3222 858 3297 intimatae
898 3222 995 3320 pacis
1041 3221 1264 3318 evangelicae
1313 3228 1419 3310 1558,
1465 3237 1638 3324 regnante
1693 3230 1808 3304 Maria

357 3351 505 3450 Regina

775 3647 841 3721 DE
867 3648 1127 3726 HADRIANO
1153 3652 1392 3729 TURNEBO.

357 3876 591 3949 Hannranus
619 3876 833 3963 marmus,
863 3879 950 3953 alias
979 3880 1182 3970 TurnebnlI,
1212 3908 1258 3958 ex
1286 3885 1421 3961 familia
1445 3886 1742 3963 lhunehullorum
1772 3890 1810 3965 in

356 4007 568 4083 liddisdalia
591 4007 731 4083 Scotiae
755 4010 938 4107 provincia
963 4011 1142 4101 oriundus,
1168 4016 1269 4114 cnjus
1293 4015 1526 4094 antecessores
1547 4021 1593 4095 ab
1618 4023 1811 4096 evertendo

357 4153 462 4217 tauro
491 4142 529 4215 in
562 4142 755 4218 certamine
788 4144 856 4219 hoc
888 4170 1019 4220 nomen
1061 4147 1237 4222 consecuti
1270 4148 1361 4236 sunt
1402 4149 1585 4248 postquam
1619 4152 1657 4226 in
1683 4153 1811 4250 juven-

356 4284 444 4358 tute,
475 4298 546 4349 non
575 4273 645 4349 fine
675 4276 769 4349 bono
797 4275 1102 4379 manoperam
1131 4280 1244 4355 literis
1272 4279 1428 4367 dedisset,
1462 4282 1500 4356 in
1533 4283 1667 4359 Gallias
1699 4286 1812 4359 trans-

355 4405 509 4488 fretavit
526 4407 588 4480 ubi
606 4417 642 4480 et
659 4407 800 4495 studuit,
819 4419 855 4482 et
872 4408 1007 4509 scripsit

508 4536 800 4614 adversariorum
816 4549 932 4614 tomos
949 4541 1047 4618 duos.

359 4666 497 4742 Claruit
513 4692 608 4743 anno
624 4670 878 4770 redemptionis
894 4674 1071 4752 humanae
1089 4679 1196 4763 1564,
1213 4685 1385 4774 regnante
1403 4677 1526 4752 Maria
1680 4689 1682 4693 ‘
