4448 5964
764 539 830 603 DE
868 534 1211 603 SCRIPTORIBUS
1249 535 1417 600 SCOTIS.

935 887 1001 960 DE
1027 886 1267 962 DONALDO.

380 1122 597 1204 muamus,
628 1118 686 1191 vel
712 1116 918 1202 Rollaudus,
949 1118 1084 1203 Sootus,
1110 1130 1216 1193 natus
1244 1120 1283 1193 in
1315 1118 1491 1217 Kentyria
1516 1142 1626 1216 prope
1656 1117 1830 1192 Hebrides

380 1251 522 1336 Insulas
549 1251 587 1323 in
611 1251 801 1348 juventute
831 1249 868 1322 in
900 1249 1093 1324 Academia
1125 1247 1330 1349 Glasguenfi
1359 1251 1397 1324 in
1424 1249 1537 1324 literis
1565 1247 1832 1323 humanioribus

381 1394 417 1457 et
450 1381 698 1481 philosophicis
736 1382 861 1456 studiis
896 1383 1074 1468 educatus,
1108 1383 1226 1481 postea
1263 1383 1301 1455 in
1336 1380 1546 1457 Hiberniam
1579 1379 1831 1464 transfretavit,

380 1516 441 1590 ubi
470 1515 516 1590 ad
544 1526 685 1613 tempus
719 1512 847 1589 mansit
880 1525 917 1589 et
961 1517 1146 1614 presbyter
1179 1515 1228 1588 est
1260 1515 1409 1599 fastum
1455 1515 1602 1588 tandem
1635 1514 1673 1587 in
1703 1511 1832 1586 Fland-

381 1647 470 1720 riam
487 1647 533 1721 ad
550 1645 779 1720 Academiam
797 1643 1026 1731 Duaoensem,
1044 1646 1106 1720 ubi
1122 1646 1262 1731 studuit,
1281 1657 1318 1720 et
1335 1642 1469 1743 scripsit

530 1777 720 1851 Historiam
736 1777 872 1851 Mariae
891 1776 1059 1874 Reginae.
1358 1818 1364 1831 ·

530 1910 584 1983 De
603 1910 708 1983 variis
725 1909 1010 2007 Antiquitatibus
1026 1908 1224 1983 Insularum
1242 1908 1491 1983 Hebridarum.

384 2041 522 2117 Glaruit
545 2067 643 2116 anno
671 2041 795 2116 salutis
826 2065 892 2140 per
925 2042 1102 2116 Chrillum
1131 2050 1255 2139 partae
1287 2044 1393 2127 1568,
1424 2037 1607 2114 ecclesiam
1637 2039 1764 2114 Christi
1795 2039 1833 2115 in

385 2174 504 2249 Sootia
520 2173 754 2272 persequente
771 2173 887 2248 Maria
903 2173 1052 2271 Regina

836 2468 903 2541 DE
928 2468 1099 2542 THOMA
1125 2468 1385 2542 MORISONO.

387 2702 547 2776 Troum
575 2700 799 2775 Momsonus
830 2699 966 2783 Scotus,
993 2699 1151 2773 medicus
1174 2698 1440 2786 Aberdouenlis,
1467 2701 1505 2774 in
1538 2700 1656 2775 schola
1682 2700 1836 2798 ejusdem

386 2832 539 2909 civitatis
573 2834 619 2906 ab
654 2831 728 2929 ipsa
765 2829 919 2928 pueritia
952 2829 989 2902 in
1027 2830 1129 2904 honis
1167 2831 1279 2906 literis
1312 2833 1492 2918 educatus,
1526 2834 1644 2929 postea
1682 2833 1720 2906 in
1759 2857 1837 2907 aca-

387 2966 504 3041 demia
538 2965 701 3063 ejusdem,
729 2963 889 3038 consecto
923 2961 1162 3061 philosophiae
1193 2963 1379 3050 curriculo,
1411 2965 1533 3038 laurea
1562 2965 1739 3050 donatus;
1776 2964 1837 3037 de-

388 3100 470 3176 inde
514 3101 551 3172 in
592 3098 746 3174 Galliam
788 3108 826 3171 et
867 3095 1095 3170 Germaniam
1134 3095 1183 3169 est
1224 3096 1479 3195 peregrinatus,
1517 3097 1580 3171 ubi
1617 3122 1682 3194 per
1716 3120 1839 3171 omnes

388 3230 572 3306 doctrinae
591 3229 723 3328 gradus
745 3227 866 3311 crevit,
889 3226 978 3300 adeo
1003 3227 1105 3298 utin
1130 3226 1306 3301 medicina
1330 3227 1530 3325 supremam
1561 3228 1767 3304 consecutus
1796 3227 1838 3302 fit

389 3365 555 3438 lauream
617 3360 774 3433 Tandem
803 3360 841 3431 in
870 3358 1023 3455 patriam
1052 3358 1220 3446 reversus,
1248 3358 1388 3459 insignis
1417 3361 1493 3459 ejus
1525 3362 1733 3437 eruditionis
1767 3387 1839 3435 uon

392 3499 469 3571 leve
485 3493 721 3570 testimonium
738 3491 933 3591 posteritati
951 3491 1105 3590 reliquit.

538 3626 593 3700 De
620 3625 766 3723 Origine
794 3625 959 3721 Papatus,
984 3623 1051 3698 five
1074 3624 1119 3698 de
1142 3623 1287 3722 Origine
1315 3636 1351 3699 et
1375 3627 1600 3701 Incremento
1625 3627 1837 3724 depravatae

588 3757 793 3856 Religionis,
810 3756 1008 3856 Edinhurgi
1025 3757 1180 3831 excusus

540 3889 595 3963 De
612 3889 840 3964 Metallorum
857 3887 976 3963 Cauiis
992 3901 1030 3963 et
1046 3889 1435 3966 Transsormationibus.

392 4021 529 4099 Claruit
566 4047 660 4095 anno
693 4020 947 4118 redemptionis
979 4021 1156 4096 humanae
1185 4027 1292 4109 1601,
1328 4022 1414 4097 dum
1454 4023 1614 4122 regimen
1656 4025 1839 4101 inchoaret

392 4156 547 4230 Jacobus
564 4154 639 4252 ejus
655 4153 807 4228 nominis
824 4153 950 4227 sextus.

870 4450 936 4522 DE
960 4448 1146 4522 JAOOBO
1173 4448 1372 4522 ΒΕΤΟΝΟ.

392 4685 561 4760 Jnconus
595 4684 783 4766 Bnrouus,
822 4677 1115 4776 Archiepiscopus
1149 4677 1376 4778 Glasguenfia
1405 4706 1450 4755 er
1478 4682 1589 4757 nobili
1623 4683 1841 4761 Betonorum

392 4817 589 4895 uuila-,in
615 4817 694 4891 Fila
711 4812 900 4897 oriundus,
926 4821 1005 4886 erat
1030 4811 1145 4909 primo
1177 4812 1389 4888 Andreanae
1419 4812 1631 4890 Academiae
1660 4817 1843 4907 alumnus;

1558 5540 1773 5614 ...
1798 5340 2089 5614 Α
