4448 5964
790 531 855 598 DE
893 528 1236 600 SCRIPTORIBUS
1273 529 1443 597 seems.
1777 536 1843 599 123

802 880 869 954 DE
893 880 1122 957 PATRIOIO
1148 880 1425 956 ADAMSONO.

384 1116 592 1192 ancrus
621 1114 867 1198 mucosus,
894 1111 1186 1212 Archiepiscopus
1213 1112 1248 1186 S.
1273 1112 1449 1195 Andreae,
1474 1135 1604 1209 genere
1632 1122 1668 1185 et
1695 1113 1837 1188 natione

383 1247 520 1334 Srotus,
550 1245 667 1345 patria
695 1242 981 1330 Strathernensrs‚
1008 1243 1151 1342 juvenis
1180 1243 1334 1318 naturali
1363 1242 1522 1341 pollebat
1548 1243 1736 1330 industria;
1764 1247 1838 1320 An-

385 1377 569 1478 dreapolin
602 1373 722 1451 missus
754 1377 800 1452 ad
833 1376 953 1462 studia,
985 1376 1097 1451 felicis
1129 1373 1262 1474 ingenii
1293 1373 1465 1448 beneflcio
1499 1397 1571 1448 non
1605 1374 1767 1474 vulgares
1800 1377 1837 1451 in

382 1508 495 1583 literis
527 1506 612 1582 secit
645 1505 853 1606 progressus,
882 1510 1058 1583 honorum
1095 1510 1284 1581 austorum
1309 1504 1455 1579 lectioni
1488 1504 1661 1590 audieus,
1696 1516 1837 1583 teneros

381 1663 493 1715 annos
522 1639 560 1712 in
589 1638 716 1714 scholis
744 1639 895 1715 feliciter
928 1639 1056 1737 exegit.
1119 1640 1273 1713 Perasto
1302 1639 1422 1737 itaque
1451 1636 1690 1738 philosophiae
1723 1639 1836 1726 eursu,

382 1772 438 1846 vir
472 1771 606 1870 primas
635 1769 800 1869 consequi
830 1782 866 1845 et
895 1772 1015 1847 animo
1041 1771 1228 1846 intendens
1261 1781 1298 1844 et
1329 1770 1415 1845 totis
1448 1770 1583 1844 viribus
1610 1771 1836 1857 contendens,

381 1902 548 1978 alacriter
573 1902 620 1978 ad
646 1901 846 2001 theologica
874 1901 910 1976 se
943 1902 1098 1977 accinxit
1129 1902 1251 1989 studia,
1282 1912 1318 1978 et
1342 1912 1460 1977 totum
1486 1901 1521 1976 se
1550 1901 1678 1976 divinis
1705 1903 1837 1978 manci-

383 2035 482 2133 pavit
514 2033 698 2131 obsequiis.
770 2034 836 2107 Vir
868 2033 948 2132 pius
981 2044 1018 2109 et
1051 2035 1188 2120 doetus,
1222 2032 1412 2133 multisque
1441 2033 1543 2110 donis
1575 2030 1835 2109 omatiffimus:

380 2166 546 2242 carminis
572 2165 749 2240 cultiffimi
777 2177 853 2241 tam
882 2167 967 2241 felix
998 2170 1126 2241 austor
1156 2176 1243 2252 erat,
1278 2176 1321 2238 ut
1348 2163 1373 2240 fi
1401 2164 1485 2239 huic
1513 2165 1627 2241 studio
1656 2165 1690 2242 se
1720 2176 1836 2241 totum

383 2298 468 2374 dare
500 2295 685 2389 maluisset,
719 2297 869 2374 illustres
898 2297 1053 2397 quosque
1085 2307 1209 2395 poetas
1242 2320 1396 2395 aequare
1428 2296 1531 2372 secile
1566 2297 1749 2395 potuerit3
1792 2301 1836 2374 ed
1903 2328 1910 2339 ·

383 2427 622 2529 philosophiae
656 2428 759 2503 fimul
793 2439 830 2505 et
863 2430 1062 2530 theologiae
1092 2429 1233 2504 culmen
1261 2425 1460 2528 progressus
1492 2429 1576 2504 fecit
1608 2441 1685 2506 tam
1717 2430 1836 2519 serios,

384 2572 426 2636 ut
451 2584 555 2660 pares
588 2584 659 2635 non
692 2560 805 2637 solum
837 2562 960 2637 multis
989 2562 1064 2660 post
1092 2560 1128 2635 se
1156 2559 1357 2660 parasangis
1385 2560 1603 2660 relinqueret
1631 2563 1837 2662 anticipans,

385 2692 445 2768 sed
478 2702 516 2768 et
547 2691 744 2792 superiores
777 2702 990 2791 exuperaret
1021 2692 1132 2780 brevi,
1166 2692 1223 2767 vel
1258 2691 1382 2767 saltem
1414 2693 1578 2791 professu
1610 2694 1836 2793 adaequaret

388 2825 548 2900 Aderant
574 2824 657 2898 huic
681 2824 873 2900 eruditioni
893 2823 1037 2922 pietatis
1064 2847 1172 2910 amor,
1199 2832 1236 2898 et
1261 2823 1424 2899 facundia
1446 2825 1619 2922 quaedam
1645 2825 1838 2913 naturalis3

387 2957 508 3055 itaque
545 2979 632 3030 mox
668 2957 768 3031 varia
792 2951 969 3031 ‘ecclefiae
1010 2957 1132 3030 munia
1173 2954 1290 3030 subire
1331 2956 1480 3054 coepit;
1523 2955 1688 3032 doetrina
1727 2957 1838 3058 igitur

359 3088 524 3174 comite,
560 3088 693 3162 virtute
725 3090 824 3174 duce,
858 3086 1008 3163 sautricc
1034 3087 1186 3172 fortuna
1218 3085 1329 3161 sardia
1357 3086 1409 3159 illi
1443 3086 1563 3163 omnia
1594 3086 1837 3167 successerunt.

386 3221 467 3297 Rex
500 3219 552 3294 illi
585 3219 736 3294 eontuht
774 3218 1112 3317 archiepiscopatum
1152 3219 1276 3295 Sansti
1317 3219 1492 3307 Andreae,
1525 3231 1563 3294 et
1595 3221 1633 3296 in
1666 3222 1834 3321 Angham

385 3350 576 3450 profectus,
610 3376 632 3424 a
664 3351 788 3450 regina
820 3349 1024 3424 humaniter
1056 3348 1251 3449 suscipitur.
1315 3350 1381 3425 Vir
1412 3352 1450 3424 in
1483 3352 1611 3427 divinis
1644 3353 1836 3454 Scripturis

385 3481 555 3558 studiosus
579 3492 617 3556 et
646 3482 815 3568 eruditus,
845 3481 883 3554 in
912 3480 1125 3555 secularibus
1153 3481 1266 3556 literis
1290 3482 1393 3556 valde
1417 3481 1563 3580 peritus,
1588 3484 1663 3560 vita
1687 3510 1837 3585 quoque,

386 3625 425 3689 et
450 3613 640 3690 sanstitate
667 3612 950 3699 conversationis,
980 3611 1131 3711 infignis,
1159 3623 1196 3687 et
1224 3615 1271 3687 ob
1295 3613 1333 3686 id
1361 3613 1456 3688 idem
1481 3613 1703 3714 singulariter
1730 3617 1837 3694 dilec-

386 3757 476 3821 tus:
519 3746 746 3820 concionator
778 3743 978 3842 exquisitus,
1017 3742 1189 3820 suavitate
1223 3754 1260 3819 et
1292 3746 1442 3821 docendi
1479 3748 1655 3846 gravitate
1687 3750 1839 3828 admira·

219 3946 226 3953 .
386 3877 521 3953 tionem
554 3876 676 3976 populi
705 3876 808 3951 inse
838 3876 1015 3951 convertit
1046 3873 1207 3949 universi.
1257 3877 1448 3954 Promotus
1476 3890 1598 3955 autem
1630 3882 1676 3956 ad
1704 3870 1838 3957 archie-

386 4007 613 4108 piscopatum
639 4008 751 4083 oculis
776 4010 870 4107 regis
898 4018 936 4084 et
963 4018 1171 4108 magnatum
1197 4008 1369 4107 gratiosus
1395 4007 1464 4085 else
1492 4007 1631 4111 coepit;
1659 4013 1836 4112 praelatis,

386 4140 492 4227 clero,
535 4150 573 4213 et
610 4140 742 4238 populo
778 4164 851 4214 non
890 4141 979 4213 adeo
1024 4163 1135 4224 carus,
1178 4150 1303 4239 utpote
1336 4141 1398 4239 qui
1431 4143 1533 4241 regis,
1567 4169 1640 4219 non
1676 4143 1837 4220 ecelefiae

387 4271 565 4371 pastorum
603 4280 667 4345 aut
705 4269 829 4369 populi
864 4263 1035 4369 suffragiis
1070 4268 1241 4344 elestus:
1281 4271 1376 4346 unde
1419 4273 1538 4370 postea
1573 4272 1668 4374 apud
1708 4299 1834 4351 omnes

386 4405 479 4479 male
517 4402 639 4477 audire
674 4402 811 4500 coepit;
849 4401 932 4475 hinc
969 4401 1066 4476 desti
1103 4400 1181 4487 viri,
1219 4402 1314 4500 quod
1349 4413 1475 4478 contra
1508 4404 1638 4480 statuta
1672 4406 1835 4482 ecclesiae

387 4534 594 4612 Scotieanae
626 4532 715 4608 illud
743 4558 874 4608 munus
903 4531 1108 4630 susceperat,
1138 4532 1235 4607 varie
1262 4534 1300 4607 in
1329 4558 1412 4608 eum
1443 4535 1637 4636 insurgrmt,
1672 4549 1709 4613 et
1742 4539 1837 4616 inter

384 4667 472 4742 alios
499 4666 660 4741 Andreas
686 4665 863 4740 Melvinus
885 4665 992 4739 variis
1014 4664 1327 4762 epigrammatibus
1349 4690 1432 4742 eum
1455 4667 1698 4766 prosequitur3
1724 4696 1840 4770 neque

384 4798 493 4874 etiam
522 4799 568 4873 ab
598 4822 642 4873 eo
672 4807 832 4896 tempore
862 4796 1051 4896 quicquam
1080 4796 1114 4869 ei
1142 4796 1293 4875 feliciter
1327 4797 1491 4908 succelsrt,
1525 4811 1665 4877 mutata
1697 4803 1842 4880 fortuna
