4448 5964
780 532 845 598 DE
883 531 1228 600 SCRIPTORIBUS
1261 534 1430 600 scouls.
1798 541 1841 603 43

381 724 542 797 fortunas
566 720 692 808 variae,
716 721 971 820 vortigernum
1000 720 1162 808 flaminis,
1188 722 1376 796 Aurelium
1405 732 1442 796 et
1468 722 1659 798 Utherium
1691 748 1838 810 veneno,

224 899 235 911 ·
383 854 582 929 Arthurum
615 854 771 938 vulnere,
806 853 993 950 perituros.
1044 852 1115 927 Sed
1145 855 1189 928 de
1222 853 1279 928 his
1310 854 1503 953 prudentes
1529 855 1717 952 judicent:
1750 857 1838 931 haec

382 985 478 1059 enim
507 986 626 1061 omnia
655 985 726 1060 suis
754 1010 905 1060 evenere
934 985 1163 1083 temporibus.
1224 985 1334 1058 Vates
1367 995 1445 1059 erat
1474 986 1645 1060 astrorum
1673 985 1835 1085 peritilh-

382 1143 471 1203 mus„
502 1117 564 1217 qui
592 1142 759 1215 magnam
788 1116 883 1215 apud
911 1117 1065 1215 posteros
1098 1118 1145 1190 ob
1178 1116 1360 1190 divinandi
1390 1116 1592 1215 opinionem
1622 1118 1838 1194 oonleoutus.

383 1250 448 1324 llir
483 1250 578 1325 acuti
605 1250 739 1348 ingenii
769 1261 807 1325 et
833 1251 1008 1323 honarum
1036 1249 1222 1323 literarum
1249 1248 1344 1323 avidi
1374 1248 1579 1346 plurimum,
1616 1250 1841 1326 Britanniam

382 1390 507 1467 totam,
536 1381 663 1455 deinde
690 1382 854 1468 Galliam,
877 1380 1032 1455 discendi
1058 1379 1162 1454 eausa
1186 1380 1398 1477 peragravit.
1451 1381 1612 1455 Arthuro
1634 1381 1711 1480 regi
1738 1383 1841 1456 valde

383 1538 486 1589 oams
519 1513 649 1588 extitit.
706 1514 790 1588 Fuit
818 1514 928 1588 etiam
962 1511 1200 1612 philosophiae
1234 1537 1298 1609 per
1330 1509 1428 1587 suam
1461 1522 1617 1587 aetatem
1650 1512 1842 1589 studiofilli-

383 1671 472 1732 mua
501 1671 573 1744 quo
601 1646 746 1721 nomine
774 1657 812 1721 et
838 1644 976 1743 magiae
1003 1642 1197 1743 praenituit
1226 1644 1342 1718 titulo.
1394 1643 1573 1719 Vaticinia
1596 1646 1671 1744 ejus
1692 1647 1842 1722 eircum-
1931 1632 1942 1652 ⁴

384 1779 555 1862 feruntur,
594 1778 742 1851 obscura
780 1777 925 1875 quidem
964 1777 1027 1852 illa
1065 1786 1103 1850 et
1140 1775 1229 1849 nihil
1267 1775 1356 1850 certi
1388 1775 1616 1863 continentia,
1658 1804 1749 1875 quae
1767 1780 1841 1853 'vel

383 1921 576 2008 antequam
602 1910 776 1995 eveniant,
807 1907 957 2006 sperare,
984 1909 1043 1984 vel
1070 1933 1153 1984 oum
1180 1909 1374 1996 evenerint,
1400 1905 1566 2006 promiffa
1594 1935 1680 1985 vera
1710 1913 1842 1986 audeas

384 2042 589 2118 affirmare:
623 2051 809 2139 praeterea
842 2040 893 2114 ita
926 2039 1116 2139 composita
1147 2040 1238 2126 sunt,
1271 2050 1313 2115 ut
1336 2039 1471 2115 eadem
1504 2040 1550 2114 ad
1581 2041 1697 2117 multa
1728 2042 1842 2118 diver·

384 2175 501 2250 sarum
539 2199 660 2248 rerum
697 2184 826 2248 evento
862 2173 1142 2248 circumfleoiere
1175 2183 1212 2247 et
1244 2172 1511 2249 aooommodare
1544 2171 1657 2271 polire
1725 2174 1842 2248 Multa

385 2317 505 2381 eutem
521 2304 660 2402 seriptis
676 2304 880 2390 mandavit3
897 2304 1076 2390 nimirum,

535 2437 689 2512 Suarum
706 2435 974 2510 Divinationum
990 2435 1050 2509 lib.
1068 2456 1093 2508 1.

535 2570 590 2643 De
608 2567 844 2642 Albaniorum
861 2566 1039 2653 Fortunio,
1056 2568 1116 2641 lih.
1133 2589 1158 2641 1.

536 2699 768 2797 Prophetiam
783 2698 989 2796 prosaicam,
1008 2698 1067 2772 lib.
1085 2720 1111 2772 1.

536 2831 652 2927 Super
668 2830 877 2928 quibusdam
895 2829 1107 2915 Honoribua
1125 2829 1186 2904 lib.
1203 2850 1229 2904 1.

538 2963 593 3038 De
609 2963 765 3060 quodam
782 2962 903 3048 Sexto,
920 2961 981 3035 lib.
998 2983 1023 3034 1.

538 3094 648 3170 Diota
664 3096 709 3167 de
726 3094 896 3191 Septimo,
914 3093 975 3167 lib.
992 3115 1018 3166 1.

535 3227 608 3302 Pro
624 3227 798 3323 Tempore
815 3225 925 3323 Regis
942 3224 1103 3311 Arthuri
1120 3221 1181 3298 lib.
1198 3243 1225 3296 1.

536 3360 671 3434 Contra
688 3357 881 3456 Vortigerii
897 3358 1032 3456 Magos,
1049 3357 1109 3432 lib.
1127 3377 1152 3432 t

535 3489 651 3587 Super
668 3491 761 3563 Aroe
780 3487 984 3586 Vortigerii,
1001 3486 1062 3562 lib.
1079 3509 1105 3561 1.

536 3620 652 3718 Super
668 3619 823 3717 quodam
839 3619 999 3694 Cometa

388 3753 520 3828 Utrum
554 3762 676 3827 autem
709 3752 820 3849 aliqui
852 3776 899 3826 ex
925 3751 1002 3848 jam
1035 3748 1143 3826 dian
1174 3752 1275 3828 libris
1306 3753 1374 3830 fint
1405 3755 1515 3831 iidem
1546 3779 1629 3833 eum
1666 3757 1736 3832 illis
1768 3759 1843 3856 ejus

388 3885 590 3985 Prophetiis
614 3895 652 3959 et
675 3885 791 3958 tribus
815 3883 916 3958 libris
941 3880 1139 3958 vatioiualis
1163 3882 1348 3975 Historiae,
1371 3889 1433 3987 qui
1459 3888 1585 3965 latine
1612 3889 1841 3989 manuscripti

387 4018 617 4092 inveniuntur
642 4017 802 4091 Oxoniae
822 4016 860 4089 in
886 4014 1102 4090 bibliotheca
1122 4015 1347 4107 Mertoneufi,
1370 4030 1407 4096 et
1430 4020 1680 4121 Cantabrigiae
1704 4021 1743 4095 in
1767 4021 1845 4096 bih

388 4150 542 4225 liotheoa
560 4149 712 4248 publiea
738 4173 876 4222 necnon
901 4146 1038 4222 Gallioe
1062 4145 1101 4220 in
1125 4146 1292 4249 Collegiis
1317 4151 1354 4226 S.
1379 4151 1480 4226 Petri
1504 4162 1543 4227 et
1563 4152 1601 4227 S.
1631 4152 1842 4238 Benedieti3

387 4294 575 4381 praeterea
598 4281 731 4356 aliusne
755 4280 864 4354 fuerit
888 4280 935 4353 ab
964 4302 1008 4353 eo
1033 4277 1096 4375 qui
1121 4279 1248 4379 Anglis
1272 4280 1478 4358 Ambrolius
1505 4282 1680 4360 Morlinue
1703 4283 1843 4369 dieitur,

387 4414 543 4512 primmn
570 4413 667 4486 haud
695 4411 797 4486 facile
824 4409 986 4495 dixerim,
1016 4408 1196 4508 posterius,
1222 4436 1296 4486 non
1324 4411 1475 4500 differre,
1500 4412 1561 4490 sed
1587 4415 1741 4491 eundem
1763 4414 1842 4499 ello,

389 4545 491 4621 faoile
513 4543 671 4624 definire.
721 4542 860 4618 claruit
884 4541 1059 4617 Merhnua
1081 4563 1176 4617 anno
1199 4539 1322 4620 salutis
1346 4540 1524 4622 hnmanae
1556 4548 1642 4630 480,
1671 4555 1842 4644 regnante

389 4680 427 4752 iu
444 4677 564 4753 Sootia
580 4675 808 4752 Constantino
825 4674 957 4750 Primo.
