4448 5964
1092 522 1128 594 iii

383 715 477 824 quis
515 741 559 797 es
597 715 672 824 qui
711 713 814 797 haec
851 712 974 824 leges,
1011 713 1148 815 velim,
1187 720 1327 817 amice,
1365 720 1468 803 scies
1505 719 1574 803 hic
1607 734 1654 805 te
1682 722 1834 807 habere

382 864 595 953 conatum,
614 864 665 936 ut
682 850 874 951 liberum,
904 855 965 938 ita
982 856 1229 954 modestum,
1249 857 1431 940 hominis
1451 859 1623 968 quidem
1651 866 1836 962 ὀψεμαθοῦς

383 989 631 1101 [legendum
660 996 885 1110 boam}
904 1005 963 1094 et,
987 1006 1038 1076 ut
1066 995 1153 1105 ipse
1186 996 1369 1104 ingenue
1401 996 1569 1096 fatetur,
1603 1009 1834 1101 παυςομαθοῢς,

381 1131 551 1213 interim
590 1142 683 1212 tum
717 1145 923 1235 φιλομαθοῦς,
956 1145 1048 1215 tum
1081 1145 1280 1229 φιλαληθοῦς,
1319 1162 1444 1245 super
1482 1164 1527 1218 re
1560 1136 1752 1234 maxima,
1790 1136 1835 1217 id

382 1280 459 1366 est,
479 1297 603 1379 super
622 1270 784 1352 animae
813 1282 979 1354 nostrae
1001 1273 1164 1381 integra
1191 1270 1377 1370 historia,
1404 1274 1477 1356 ubi
1497 1275 1659 1357 animae
1687 1274 1836 1356 huma-

381 1435 460 1490 nae
479 1409 650 1491 nomina
668 1410 779 1492 varia
798 1409 963 1510 evolvit,
992 1422 1187 1494 naturam
1220 1411 1388 1492 semotis
1416 1413 1624 1494 erroribus
1653 1410 1834 1522 explicat

383 1553 485 1625 ‹tto›
502 1546 547 1629 in
567 1575 747 1659 corpore,
767 1548 929 1631 indicat
944 1554 1125 1641 baimam,
1153 1547 1413 1630 demonstrat
1432 1561 1646 1660 separatae
1658 1559 1833 1647 statum,

382 1697 426 1767 et
458 1686 601 1769 denuo
627 1687 772 1769 unitae
803 1687 965 1797 corpori
998 1687 1282 1769 conditionem
1311 1687 1521 1771 ostendite
1558 1715 1667 1799 quae
1695 1688 1835 1771 omnia

382 1824 524 1933 paucis
554 1836 601 1915 et
631 1823 752 1907 claris
782 1852 859 1934 pro
891 1824 1064 1907 modulo
1096 1824 1316 1907 tenuitatis
1350 1852 1448 1908 suae
1481 1826 1714 1910 industrius
1746 1854 1834 1908 mo-

381 1960 498 2044 litur.
574 1963 671 2054 Quo
698 1958 752 2046 'in
791 1964 963 2074 negotio
997 1963 1032 2046 si
1068 1973 1241 2074 propter
1287 1963 1618 2048 imbecillitatem
1667 1963 1835 2076 ingenii,
1915 2038 1921 2050 .

382 2100 585 2184 librorum
618 2112 663 2184 et
695 2102 771 2183 otii
809 2101 1004 2212 inopiam,
1036 2127 1138 2184 non·
1153 2099 1278 2211 plene
1317 2102 1455 2185 effecit
1493 2105 1609 2214 quod
1646 2105 1752 2187 serio
1790 2104 1835 2185 in

383 2240 489 2322 votis
517 2239 678 2338 habuit,
708 2252 849 2323 tamen
878 2241 958 2323 hoc
983 2268 1060 2323 suo
1082 2237 1367 2350 ‹paelicunque
1392 2239 1534 2324 labore
1562 2243 1615 2326 ad
1645 2243 1691 2324 id
1719 2270 1836 2326 exac-

383 2379 467 2460 tius
501 2379 807 2488 exequendum,
840 2380 956 2490 quod
985 2378 1069 2477 ille,
1103 2377 1324 2489 praedictis
1361 2379 1634 2463 incommodis
1667 2409 1836 2491 praepe-

383 2517 507 2613 ditus,
526 2528 737 2627 praestare
764 2518 878 2600 omni
898 2546 950 2600 ex
969 2528 1088 2629 parte
1115 2516 1318 2626 nequivit,
1340 2515 1441 2600 licet
1458 2519 1640 2602 maxime
1670 2518 1835 2630 optarit,

384 2684 428 2737 se
460 2653 635 2737 meliora
666 2656 835 2768 ingenia
866 2656 1076 2755 excitasse,
1109 2655 1263 2766 quibus
1295 2653 1393 2737 libri
1421 2668 1465 2737 et
1498 2657 1633 2739 otium
1667 2657 1836 2740 abunde

384 2805 627 2904 suppetunt,
656 2822 741 2876 non
770 2795 924 2877 dubius
952 2795 1029 2877 sibi
1058 2794 1272 2905 spondet.”
1332 2795 1391 2876 Et
1419 2795 1464 2876 in
1493 2795 1624 2878 altera
1652 2795 1837 2907 epistole,

385 2944 407 2983 ‘⁴
435 2931 725 3015 Illustrissimo
752 2934 852 3032 viro,
886 2933 1009 3016 Dom.
1040 2930 1270 3016 Guillelmo
1303 2932 1504 3032 Craveno,
1538 2933 1593 3016 D.
1623 2934 1677 3017 de
1705 2934 1837 3018 Ham·

386 3071 504 3168 steid‚
524 3073 596 3152 &c
616 3071 756 3181 Regni
775 3070 954 3181 Angliae
973 3072 1105 3171 Pari,”
1132 3071 1235 3154 haec
1253 3072 1306 3154 de
1325 3098 1369 3153 se
1389 3071 1697 3156 Buohananus:
1727 3084 1749 3122 ‘⁶
1762 3076 1839 3155 Su-

385 3209 616 3319 perioribus
654 3210 774 3292 annis
815 3237 948 3321 quum
986 3210 1032 3293 in
1069 3210 1218 3293 Galliis
1254 3211 1459 3320 degerem,
1507 3212 1637 3293 bonos
1675 3210 1838 3321 aliquot

386 3347 585 3430 authores
616 3353 707 3429 κατὰ
739 3356 910 3454 συγκυρίαν
947 3329 1127 3449 versans,
1172 3361 1216 3431 et
1254 3376 1420 3430 mecum
1466 3328 1563 3457 ipse
1606 3349 1838 3433 identidem

387 3487 605 3586 meditans,
643 3488 848 3597 quaedam
881 3500 924 3571 et
952 3516 1001 3570 ea
1039 3517 1123 3571 non
1161 3514 1304 3596 pauca,
1342 3514 1484 3596 neque
1509 3487 1618 3569 scitu
1654 3488 1838 3597 indigna,

388 3652 527 3736 neque
554 3627 728 3737 ingrata,
760 3654 886 3737 super
917 3627 1057 3708 anima
1086 3625 1269 3708 hominis
1298 3625 1415 3707 haud
1447 3625 1538 3707 sine
1571 3653 1672 3708 cura
1702 3628 1839 3709 obm-

387 3791 539 3863 varam,
572 3792 681 3875 quae
703 3765 856 3875 partim
889 3766 935 3846 in
963 3763 1188 3845 amicorum
1218 3764 1407 3873 gratiam,
1438 3764 1594 3874 partim
1623 3765 1667 3846 in
1698 3792 1840 3848 meum

389 3903 521 4013 ipsius
564 3904 842 4003 commodum,
894 3928 1084 3985 sermone
1132 3899 1412 4010 Francogallis
1458 3900 1668 4000 familiari,
1713 3916 1841 4012 prout

388 4053 493 4123 tunc
529 4053 731 4152 poteram,
768 4041 921 4123 chartis
960 4040 1270 4151 consignatam
1318 4040 1488 4123 tandem
1522 4047 1618 4149 post
1654 4039 1841 4149 plurium

390 4207 596 4263 annorum
624 4181 724 4263 foris
751 4208 910 4263 moram
931 4180 984 4262 ad
1012 4191 1177 4261 nostros
1207 4204 1405 4276 reversus,
1433 4204 1568 4287 quum
1595 4178 1710 4288 apud
1739 4190 1843 4261 non-

391 4317 541 4417 nulloS,
568 4332 619 4400 ut
646 4319 749 4429 pios,
777 4319 838 4400 ita
865 4320 1018 4414 doctos,
1047 4318 1104 4399 de
1120 4344 1168 4399 ea
1185 4341 1241 4414 re,
1269 4315 1379 4398 sicut
1407 4342 1704 4425 saepemmtero
1731 4316 1842 4400 inter

392 4485 533 4540 rerum
562 4456 783 4541 meliorum
817 4457 1023 4538 studiosos
1054 4454 1115 4554 fit,
1145 4454 1270 4536 verba
1302 4452 1495 4550 facerem,
1523 4456 1577 4536 ab
1607 4453 1661 4536 iis
1690 4454 1843 4539 obnixe

391 4597 591 4679 invitatus
624 4597 698 4694 fui,
734 4607 784 4677 ut
812 4624 920 4704 quae
948 4596 1001 4677 de
1033 4594 1172 4676 anima
1204 4603 1350 4675 nostra
1378 4591 1425 4673 in
1454 4591 1639 4702 privatos
1670 4606 1843 4676 usos-et

393 4734 590 4817 idiomate
624 4735 698 4816 uni
730 4733 847 4843 genti
882 4730 1106 4815 vernaculo
1136 4732 1288 4842 scripto
1314 4729 1527 4829 haberem,
1563 4730 1620 4814 in.
1641 4729 1843 4816 latinum

1014 5150 1022 5213 l
