4470 5962
446 500 510 562 124
859 497 925 562 DE
956 495 1301 564 SCRIPTORIBUS
1335 499 1502 565 scorls.

451 710 523 784 qua
564 684 661 782 prius
702 682 784 759 usus
824 695 911 759 erat.
979 683 1051 759 Sed
1084 685 1131 758 ad
1166 685 1320 760 hominis
1357 686 1592 762 eruditionem
1629 690 1726 787 quod
1763 693 1904 782 attinet,

450 817 604 917 plurima
632 815 764 914 scripfit
791 816 965 916 opuscula,
997 842 1017 890 e
1050 818 1179 916 quihus
1208 817 1358 892 Londini
1384 815 1547 917 impressa
1572 819 1654 895 sunt
1682 823 1789 898 tomis
1818 826 1906 900 duo·

449 950 526 1035 hus,
557 973 643 1022 cura
668 948 825 1023 Thomae
854 947 1029 1034 voluseni,
1060 948 1154 1023 illius
1183 949 1331 1047 nepotis,
1362 975 1453 1049 quae
1486 960 1593 1027 antea
1624 978 1697 1027 non
1723 958 1906 1033 extabant.

453 1080 594 1178 Scripsit

600 1212 805 1287 Gratiarum
844 1212 1035 1286 Actionem
1073 1211 1194 1286 illustr.
1230 1221 1267 1285 et
1305 1211 1484 1309 potentiss.
1523 1213 1680 1314 Principi
1713 1217 1757 1290 D.
1791 1216 1908 1294 Elian-

651 1344 779 1418 bethae
820 1343 980 1442 Angliae,
1017 1344 1198 1429 Franciae‚
1233 1353 1270 1418 et
1308 1345 1501 1420 Hiberniae
1538 1345 1707 1445 Reginae,
1746 1360 1905 1449 propter,

649 1486 715 1550 etc.
733 1474 891 1550 carmine
907 1474 1060 1551 heroico.
1884 1486 1886 1492 '

600 1605 832 1705 Paraphralin
861 1607 899 1680 in
927 1608 1025 1682 varia
1051 1607 1255 1704 Scripturae
1281 1607 1368 1682 loca.

600 1737 804 1814 Catechelin
852 1739 1003 1813 Joannis
1048 1739 1195 1825 Caluini,
1245 1741 1401 1815 carmine
1447 1741 1627 1830 heroico;
1674 1767 1756 1819 cum
1797 1746 1905 1822 variis

649 1871 793 1970 Elogiis,
810 1870 1095 1969 Epigrammata,
1113 1881 1179 1944 etc.

453 2002 590 2076 Claruit
603 2026 696 2075 anno
713 2001 864 2100 virginei
880 2010 1004 2098 partus
1016 2005 1121 2090 1590,
1134 2002 1219 2075 dum
1231 2013 1396 2101 regnaret
1409 2002 1446 2077 in
1458 2003 1578 2079 Scotia
1590 2004 1747 2080 Jacobus
1762 2007 1904 2084 Sextus.

769 2295 835 2370 DE
862 2295 1069 2395 [MARCO]
1097 2296 1395 2373 ALEXANDRO
1421 2298 1581 2373 BODIO.

455 2529 652 2628 [Μιιωιιε]
684 2531 926 2602 Anaxnunna
952 2528 1107 2613 Bomos,
1137 2526 1281 2602 natione
1311 2528 1447 2614 Scotus,
1476 2529 1514 2602 in
1543 2528 1692 2605 baronia
1717 2529 1904 2608 Ranlrow-

454 2660 523 2736 enli
552 2670 656 2735 natus
686 2683 731 2733 ex
759 2658 908 2757 antiqua
940 2658 1136 2733 Bodiorum
1165 2658 1308 2745 familia,
1339 2661 1442 2734 etin
1476 2659 1678 2759 Glasguenli
1709 2664 1903 2740 Academia

453 2822 476 2869 a
507 2792 640 2868 teneris
673 2792 774 2865 annis
806 2790 949 2889 optimis
978 2788 1167 2887 disciplinis
1195 2791 1363 2877 imbutus,
1389 2791 1452 2868 ubi
1480 2817 1562 2867 cum
1590 2792 1628 2866 in
1654 2793 1904 2892 philosophicis

453 2924 574 3002 studiis
606 2923 741 3022 aliquot
775 2946 886 2996 annos
919 2920 1056 2995 utiliter
1089 2919 1171 2994 satis
1203 2919 1411 3009 collocasset,
1454 2923 1643 3022 magisterii
1676 2924 1824 2999 titulum
1856 2926 1903 3001 de

453 3079 552 3132 more
580 3054 726 3153 accepit.
777 3053 910 3138 Postea,
941 3053 987 3126 ad
1016 3053 1150 3150 majora
1175 3052 1286 3127 studia
1315 3053 1536 3152 capescenda,
1565 3067 1706 3131 exteras
1739 3056 1904 3139 nationes

454 3187 584 3286 petiit;
617 3186 654 3259 in
688 3184 841 3259 Galliam
874 3183 985 3282 igitur
1017 3183 1065 3257 est
1099 3183 1245 3271 dolatus,
1279 3186 1341 3259 ubi
1368 3185 1548 3284 gymnasia
1576 3186 1805 3262 celeberrima
1832 3188 1903 3264 fre-

455 3317 648 3419 quentavit,
676 3317 713 3391 in
743 3315 851 3413 iisque
878 3323 980 3389 tanta
1008 3339 1089 3389 cum
1122 3313 1305 3413 diligentia
1332 3325 1503 3413 tantoque
1531 3341 1614 3390 cum
1640 3317 1761 3392 fructu
1790 3316 1904 3392 literis

456 3449 601 3527 Graecis
627 3458 664 3522 et
693 3446 828 3520 Latinis
853 3470 998 3542 operam
1026 3445 1133 3530 dedit,
1161 3454 1203 3519 ut
1230 3470 1302 3521 non
1328 3446 1475 3521 ultimus
1501 3448 1539 3521 in
1562 3447 1627 3534 his,
1653 3448 1691 3522 in
1719 3448 1789 3523 illio
1818 3474 1904 3525 vero

456 3583 591 3681 primus
619 3578 653 3654 ei
680 3580 852 3653 debeatur
877 3578 984 3663 locus,
1013 3602 1095 3650 cum
1123 3578 1218 3674 apud
1247 3575 1372 3651 Scotos
1404 3585 1483 3650 tum
1511 3578 1606 3673 apud
1634 3577 1781 3653 Gallos:
1816 3579 1903 3675 quin

458 3725 494 3790 et
527 3713 621 3787 inter
653 3709 791 3785 eosdem
826 3709 948 3784 Gallos
980 3719 1056 3783 tam
1088 3707 1235 3782 studiose
1269 3718 1306 3782 et
1338 3707 1489 3783 feliciter
1520 3706 1649 3807 poesin,
1676 3708 1903 3796 rhetoricam,

457 3844 636 3943 ipsamque
678 3841 767 3915 adeo
803 3838 1059 3937 philosophiam
1096 3839 1206 3913 coluit
1237 3839 1423 3926 audiendo,
1463 3836 1629 3937 legendo,
1660 3840 1829 3926 docendo,
1865 3851 1904 3915 et

456 3972 647 4056 scribendo,
670 3981 712 4044 ut
737 3968 880 4044 habitus
908 3966 949 4042 fit
978 3966 1074 4066 quasr
1106 3968 1317 4058 miraculum
1345 3971 1577 4069 eloquentiae,
1608 3982 1645 4046 et
1673 3969 1780 4045 Musis
1807 3971 1905 4048 filius

455 4106 558 4180 unice
586 4103 760 4189 dilectum
787 4100 907 4175 omnia
934 4099 1067 4174 etenim
1093 4097 1342 4197 elegantissime
1369 4099 1529 4173 Romane
1555 4109 1592 4174 et
1618 4099 1749 4186 Attice,
1774 4099 1905 4176 utilia

458 4237 619 4310 ferebant
652 4243 823 4330 tempora,
854 4231 923 4305 hoc
953 4231 1010 4315 est,
1045 4229 1188 4327 optime,
1222 4229 1425 4327 composuit.
1464 4311 1465 4314 Ἴ
1493 4230 1581 4304 Erat
1609 4240 1795 4327 practerea
1826 4240 1905 4306 tam

456 4367 565 4443 Marti
592 4389 700 4463 quam
727 4363 905 4438 Mercurio
933 4361 1081 4446 deditm,
1112 4360 1205 4434 unde
1232 4358 1288 4433 his
1316 4360 1516 4435 nominibus
1544 4361 1639 4458 apud
1665 4361 1788 4436 Gallos
1815 4361 1905 4436 hon-

457 4499 615 4575 orificam
640 4496 677 4570 in
703 4497 799 4570 hunc
825 4493 919 4569 diem
948 4492 1103 4567 obtinuit
1128 4491 1345 4566 memoriam.
1406 4492 1471 4565 Vir
1497 4492 1560 4566 alti
1593 4502 1630 4567 et
1663 4492 1749 4567 elati
1780 4492 1903 4579 animi,

456 4641 563 4727 atque
585 4627 791 4725 praestantis
815 4624 958 4725 ingenii,
985 4624 1174 4722 stupendae
1199 4622 1401 4707 memoriae,
1424 4622 1565 4721 inlignis
1591 4623 1784 4709 doetrinae,
1807 4624 1905 4722 paris

456 4760 687 4860 eloquentiae,
718 4760 934 4835 Graecarum
968 4755 1120 4852 denique
1153 4754 1337 4830 literarum
1370 4753 1531 4852 peritus:
1567 4780 1710 4830 omnem
1741 4756 1906 4832 humani·
