4470 5962
683 551 748 617 DE
772 552 1113 620 SCRIPTORIBUS
1137 553 1304 620 SCOTlS.
1644 556 1707 628 119

264 742 320 816 his
354 739 494 816 verbis:
531 739 660 813 “Cum
688 738 806 812 divina
833 738 1057 835 providentia
1088 740 1224 813 saelum
1258 736 1352 826 esset,
1388 751 1428 814 ut
1461 741 1582 839 aliqua
1614 743 1720 817 nostri

202 899 205 903 ’
263 872 386 971 populi
412 872 618 946 moderandi
647 871 807 969 potestas,
839 870 927 943 mihi
955 870 1044 944 nihil
1072 867 1214 945 sortasse
1244 871 1405 957 merenti,
1436 872 1474 946 in
1503 873 1576 971 ipsa
1606 873 1721 949 statim

265 1003 498 1080 adolescentia
524 1004 734 1088 traderetur,
768 1027 810 1076 ac
838 1003 1052 1099 procedente
1079 1002 1223 1077 taudem
1258 1013 1375 1078 aetate
1409 1029 1539 1078 munus
1571 1006 1623 1079 ita
1656 1030 1720 1080 au-

263 1146 410 1234 geretur
435 1159 591 1221 munere,
627 1146 669 1208 ut
700 1134 847 1208 ultimus
880 1132 1017 1229 semper
1041 1133 1151 1219 labor,
1187 1132 1249 1230 qui
1282 1134 1361 1208 aliis
1395 1136 1511 1210 honor
1544 1136 1656 1213 videri
1684 1148 1721 1211 et

265 1269 335 1343 dici
371 1268 468 1353 solet,
502 1268 549 1341 ad
584 1268 787 1364 sequentem
821 1274 858 1337 et
891 1263 1123 1338 difficiliorem
1155 1265 1279 1351 multo,
1314 1276 1350 1341 et
1384 1266 1488 1365 longe
1522 1268 1722 1365 graviorem

266 1397 360 1497 quali
389 1399 521 1496 gradus
554 1397 700 1495 quidam
730 1395 918 1479 videretur,
949 1395 1000 1469 ita
1015 1417 1175 1467 meorum
1208 1395 1402 1471 studiorum
1433 1397 1591 1472 rationes
1629 1398 1723 1474 inlli-

264 1531 414 1604 tuendas
438 1529 568 1614 curavi,
594 1538 635 1601 ut
660 1528 742 1601 illae
770 1526 808 1598 in
834 1524 958 1622 primis
984 1549 1042 1599 res
1065 1551 1155 1622 quae
1183 1527 1364 1602 hominem
1391 1528 1560 1627 ejusmodi
1586 1506 1745 1628 reipub..

265 1661 470 1735 muneribus
503 1659 715 1757 implicitum
745 1666 920 1731 exomaut
952 1657 1115 1743 maxime,
1150 1658 1188 1732 in
1220 1660 1310 1735 meis
1342 1659 1543 1736 aelionibus
1576 1672 1613 1735 et
1647 1663 1721 1739 vita

265 1791 384 1887 aliquo
414 1791 520 1865 modo
547 1790 753 1873 eminerent,
783 1812 829 1860 ne
856 1785 986 1872 veliis,
1011 1789 1073 1884 qui
1098 1790 1188 1865 haec
1212 1790 1302 1864 mihi
1330 1815 1480 1868 munera
1507 1793 1721 1879 detulerant,

266 1920 440 2018 indignus
484 1919 538 1993 vel
582 1919 728 2017 patriae,
772 1941 863 2014 quae
904 1917 1140 2006 confirmarat,
1180 1919 1341 2018 ingratus
1384 1923 1528 1998 omnino
1572 1923 1721 1999 viderer.

265 2054 385 2140 Quare
411 2077 492 2124 cum
518 2051 555 2124 in
586 2050 731 2149 legibus,
763 2048 859 2122 etin
887 2045 1030 2123 historia
1053 2048 1207 2147 ipsarum
1231 2052 1351 2151 legum
1376 2051 1563 2131 certillima
1588 2055 1722 2153 regula

264 2183 460 2259 maximum
501 2184 636 2280 reipub.
678 2180 970 2258 administrandae
1007 2193 1228 2258 momentum
1269 2181 1419 2281 politum
1456 2182 1525 2260 else
1566 2186 1724 2261 animad-

267 2324 452 2399 verterem,
486 2314 618 2411 partim
653 2313 790 2410 legibus
822 2313 963 2409 publice
998 2310 1281 2410 interpretandis
1316 2314 1448 2411 partim
1481 2315 1724 2391 controversiis

263 2468 330 2544 pro
354 2445 524 2519 tribunali
552 2443 757 2518 dirimendis
783 2466 927 2541 operam
953 2442 1090 2530 navavi,
1116 2453 1153 2517 et
1175 2442 1384 2531 historiam,”
1410 2454 1477 2520 etc
1526 2446 1625 2521 Haec
1652 2446 1721 2522 ille.

265 2574 453 2676 Progrelsu
482 2576 591 2651 etiam
620 2574 791 2672 temporis
819 2575 865 2649 ad
898 2573 1137 2672 episcopatum
1165 2575 1311 2648 evestns
1344 2574 1393 2650 est
1423 2575 1462 2649 in
1496 2574 1615 2651 Rollia
1641 2602 1723 2674 pro-

266 2709 406 2784 vincia:
444 2706 514 2780 suit
547 2706 656 2780 etiam
697 2705 833 2780 Mariae
876 2705 1036 2803 Reginae
1069 2728 1092 2776 a
1124 2700 1275 2788 secretio,
1310 2714 1346 2777 et
1381 2703 1569 2801 aliquoties
1602 2717 1723 2784 orator

266 2840 301 2915 S.
330 2841 375 2913 R.
403 2838 444 2912 Ε.
472 2838 510 2911 in
539 2836 670 2934 Anglia
698 2846 736 2909 et
765 2836 891 2911 Gallia.
943 2836 1064 2911 Primo
1096 2843 1173 2907 erat
1195 2833 1289 2931 juris
1320 2834 1503 2932 utriusque
1530 2836 1657 2912 dodtor
1684 2837 1722 2912 in

265 2969 458 3044 Academia
491 2965 739 3052 Aberdonenli,
772 2966 1028 3066 primariusque
1055 2965 1208 3063 ejusdem
1239 2964 1381 3041 diocesis
1406 2967 1529 3064 judex,
1557 2967 1717 3043 officialis

267 3102 394 3175 distua
452 3098 565 3173 Paulo
597 3098 672 3195 post
705 3095 887 3195 supremae
921 3098 1039 3173 curiae
1072 3095 1221 3182 senator,
1258 3097 1471 3195 reginaeque
1506 3125 1529 3172 a
1561 3098 1719 3185 consiliis

264 3243 302 3306 et
341 3230 522 3328 episcopus
564 3227 736 3303 Bolsenfis
778 3230 1006 3305 renunciatus
1044 3226 1103 3301 est.
1170 3228 1333 3325 Denique
1374 3230 1470 3304 hunc
1512 3230 1720 3307 eruditionis

267 3360 409 3435 nomine
434 3360 579 3434 laudare
604 3383 756 3457 aequum
789 3359 862 3433 est:
894 3384 1036 3434 omnem
1066 3358 1285 3434 humanioris
1310 3359 1516 3436 literaturae
1544 3371 1719 3448 ornatum,

264 3492 396 3591 partim
426 3491 464 3563 in
492 3488 609 3564 schola
638 3489 764 3587 patria,
792 3488 923 3585 partim
951 3489 1036 3562 alibi
1061 3489 1202 3563 abunde
1234 3489 1407 3567 hauserat
1475 3493 1519 3566 In
1545 3493 1719 3593 jurispru·
1777 3583 1778 3587 Ἰ

265 3623 387 3697 dentia
420 3619 535 3694 clarus
569 3629 655 3706 erat,
691 3619 728 3692 in
762 3617 982 3715 philosophia
1014 3619 1122 3694 etiam
1153 3620 1346 3695 admodum
1384 3634 1541 3711 acutus3
1583 3626 1719 3700 theolo-

264 3753 360 3850 giam
389 3775 474 3825 vero
507 3775 578 3826 non
604 3774 740 3847 puram,
772 3749 831 3823 sed
861 3747 1040 3824 erroribus
1066 3760 1103 3825 et
1128 3751 1255 3826 ritibus
1287 3753 1478 3850 pontificiis
1511 3755 1716 3843 involutam,

265 3884 397 3959 didicit.
449 3880 591 3979 Scripsit
608 3891 729 3955 autem

414 4013 536 4087 Animi
553 4012 688 4086 Affliaei
705 4011 975 4096 Consolationes,
993 4012 1053 4084 lib.
1071 4031 1096 4082 1.

412 4143 534 4217 Animi
553 4141 748 4238 Tranquilli
766 4140 946 4225 Remedia,
964 4141 1024 4214 lib.
1042 4161 1067 4214 1.
1120 4141 1163 4213 In
1180 4144 1307 4216 oetavo
1325 4142 1464 4218 Parisiis
1481 4155 1615 4222 extant.

414 4274 470 4348 De
487 4272 643 4370 Origine,
660 4272 829 4356 Moribus
847 4282 884 4345 et
901 4271 1014 4345 Gellis
1030 4272 1226 4356 Scotorum,
1245 4273 1304 4347 lib.
1323 4281 1360 4346 x.
1378 4274 1591 4351 Chronicon.

413 4406 485 4479 Pro
501 4405 527 4478 J
528 4429 590 4477 ure
609 4400 821 4477 Sereniffimi
839 4400 956 4498 Regis.

413 4535 692 4633 Descriptionem
725 4533 875 4616 Scotiae,
905 4555 1084 4605 unacum
1112 4532 1255 4607 Tabella
1283 4535 1545 4632 topographioa,
1578 4536 1714 4612 Rornae

464 4668 568 4764 impr.
588 4665 694 4742 1578.

265 4798 313 4872 Et
346 4797 426 4872 alia
481 4798 638 4872 Tandem
670 4796 745 4869 fato
777 4795 922 4869 funttm
950 4793 1000 4867 est
1029 4792 1255 4890 [Bruxellae]
1282 4818 1377 4870 anno
1400 4793 1568 4874 salutiseri
1593 4810 1716 4897 partus

266 4929 412 5030 [1596,]
430 4931 518 5005 dum
533 4928 572 5004 in
588 4927 708 5006 Sootia
723 4950 843 5003 rerum
859 4924 1034 5023 potiretur
1049 4925 1205 5001 Jacobus
1222 4925 1361 5001 Sextus
