4470 5962
523 553 588 618 128
913 549 979 615 Dii
1013 548 1355 617 SCRIPTORIBUS
1386 549 1554 615 scoria.

525 736 664 822 insulae,
693 735 851 811 minister
879 734 1105 834 provincialis
1132 735 1193 809 seu
1219 733 1531 810 commissionarius
1558 736 1596 810 in
1629 736 1851 812 ecclesiarum
1877 739 1978 836 plan-

522 869 667 956 tatione,
688 869 793 965 aliter
819 868 1130 965 superintendens,
1154 868 1203 942 est
1225 865 1388 954 elcdtns3
1414 879 1451 942 et
1473 892 1512 941 re
1538 892 1623 943 vera
1641 868 1700 942 hic
1724 869 1772 943 est
1797 869 1979 967 episcopus

523 1001 655 1101 synodo
689 1001 936 1099 suffraganeus
964 1024 1037 1074 uon
1067 1010 1188 1074 autem
1219 999 1509 1097 archiepiscopus.
1577 1000 1665 1074 Erat
1698 1000 1807 1074 etiam
1840 1000 1979 1099 collegii

523 1132 559 1208 S.
587 1134 623 1209 S.
651 1132 834 1207 Trinitatis
862 1130 1079 1215 Praefedtus,
1110 1140 1148 1204 et
1176 1129 1338 1205 ecclesiae
1370 1131 1405 1205 S.
1436 1131 1626 1205 Cuthberti
1656 1129 1880 1229 praepositus,
1911 1143 1979 1207 etc.

523 1263 593 1337 Hic
629 1263 782 1359 denique
822 1262 981 1337 oninium
1018 1249 1235 1359 optimarum
1270 1260 1496 1337 scientiarum
1536 1262 1702 1360 panoplia
1739 1263 1894 1338 ubertim
1927 1264 1981 1338 in·

524 1394 686 1480 strndtus,
710 1395 841 1470 cuncta
865 1393 975 1467 etiam
997 1392 1212 1491 dignitatum
1238 1391 1423 1467 clarissima
1446 1391 1592 1491 fastigia,
1620 1419 1742 1468 amore
1763 1394 1866 1469 studii
1890 1394 1981 1470 falu-

523 1524 620 1610 iaris,
654 1525 791 1622 semper
826 1524 994 1623 neglexit.
1057 1523 1207 1621 Scriptis
1246 1524 1390 1621 quidem
1430 1523 1585 1622 plurima
1623 1526 1815 1612 mandavit,
1856 1551 1980 1602 verum

523 1656 628 1755 longe
657 1656 764 1754 plura
788 1654 981 1754 scripsisset,
1010 1657 1073 1730 uisi
1099 1656 1253 1730 multum
1280 1655 1374 1729 vitae
1401 1654 1551 1740 attivae,
1578 1656 1755 1754 adquam
1782 1657 1820 1731 in
1845 1658 1980 1733 ecclesi·

524 1811 627 1862 arum
665 1789 917 1864 reformatione
952 1798 1098 1862 vocotus
1136 1797 1223 1873 erat,
1257 1786 1293 1861 se
1326 1783 1629 1861 accommodasset.
1686 1789 1787 1875 Quae
1823 1790 1867 1863 de
1905 1791 1980 1888 ejus

524 1916 660 2017 scriptis
688 1930 764 1994 tam
794 1919 895 1992 versu
929 1943 1036 2015 qnam
1064 1917 1178 1992 soluta
1206 1917 1376 2004 oratione,
1408 1942 1490 1991 cum
1519 1918 1708 1993 vernaculo
1741 1929 1819 1995 tum
1852 1920 1979 1997 Latino

525 2048 694 2138 sermone,
712 2050 874 2135 vidimus,
892 2051 981 2125 haec
999 2049 1078 2125 sunt
1094 2049 1302 2148 praecipua:

672 2179 727 2254 De
745 2180 886 2256 Unione
903 2179 1121 2290 Britanniae.

672 2312 728 2385 De
744 2310 905 2387 Periodis
921 2312 1144 2409 Temporum.

674 2443 729 2517 De
746 2443 852 2517 Anno
867 2443 1044 2517 Jubilaeo.

598 2611 604 2625 ·
673 2575 836 2650 Aureum
853 2573 1031 2658 Seculum,
1049 2573 1109 2646 lib.
1127 2592 1196 2646 v11.

671 2703 817 2778 Pindari
834 2702 1080 2801 Olympiorum
1096 2699 1381 2776 Tradudtionem.

674 2833 729 2908 De
765 2833 973 2910 Carminnm
1008 2833 1161 2908 Ratione
1199 2842 1236 2907 et
1273 2830 1451 2919 Sedlione,
1489 2833 1644 2913 Pindaro
1682 2841 1827 2940 aliisque
1863 2848 1977 2943 poetis

724 2965 852 3064 lyricis,
868 2964 1075 3063 praesertim
1091 2964 1247 3051 Graecia,
1264 2963 1438 3039 famihari.

674 3095 829 3171 Lexioon
846 3098 1036 3196 Trilingne.

676 3224 851 3301 Homilias
866 3229 905 3301 in
921 3228 957 3302 S.
975 3226 1156 3325 Paginam.

526 3351 575 3426 Et
615 3352 687 3428 alia
722 3357 909 3453 permulta,
956 3380 1048 3453 qnae
1086 3355 1125 3429 in
1162 3354 1332 3455 Catalogo
1374 3358 1490 3435 nostro
1532 3361 1753 3460 Scriptorum
1792 3367 1979 3444 habentur.

529 3483 687 3560 Tandem
711 3511 805 3561 anno
833 3487 969 3587 gratiae
997 3489 1093 3561 1606
1119 3485 1257 3583 placide
1285 3499 1323 3564 et
1347 3489 1405 3588 pie
1430 3490 1527 3566 senio
1552 3495 1734 3571 confedtus
1762 3497 1801 3571 in
1825 3498 1981 3576 Domino

529 3617 752 3706 obdormivit,
791 3620 920 3694 aetatis
956 3618 1037 3694 fuae
1079 3642 1173 3692 anno
1210 3620 1422 3719 oaogefimo
1464 3624 1625 3711 fecundo,
1659 3637 1696 3702 et
1732 3628 1789 3703 die
1822 3635 1846 3705 8
1883 3630 1980 3731 Maij.

530 3747 739 3825 Tumulatus
772 3753 822 3827 est
854 3751 1112 3849 quinquaginta
1135 3752 1139 3761 '
1151 3748 1304 3847 patlibus
1335 3755 1381 3826 ab
1417 3754 1624 3856 Edinburgo
1665 3759 1711 3832 ad
1750 3761 1981 3840 meridionale

531 3878 576 3952 D.
604 3880 794 3956 cuthberti
820 3881 982 3957 ecclefiae
1007 3882 1110 3967 latiis,
1136 3881 1198 3955 ubi
1224 3880 1388 3981 elogium,
1413 3886 1459 3960 ab
1484 3886 1518 3961 fe
1543 3887 1781 3986 compositum,
1806 3891 1845 3966 in
1870 3897 1981 3992 quad.

528 4022 607 4087 rato
624 4013 833 4112 sepulchrali
851 4013 968 4112 lapide
986 4011 1187 4111 spedtatur:

885 4242 939 4301 Ille
954 4262 1006 4321 ego
1020 4241 1162 4302 Robertus
1175 4242 1333 4315 Pontanns,
1345 4245 1378 4304 in
1389 4246 1444 4306 hoe
1456 4266 1543 4325 prope
1556 4267 1635 4309 sacro

884 4353 992 4414 Christi
1005 4355 1055 4432 qni
1066 4352 1178 4413 fueram
1190 4363 1287 4431 pastor
1297 4356 1399 4434 gregis,
1412 4357 1528 4434 auspice
1541 4358 1655 4418 Christo

882 4466 1040 4524 Aeternam
1052 4465 1177 4524 moriens
1190 4474 1309 4544 expecto
1320 4485 1465 4545 restingere
1478 4467 1576 4527 vitani.

502 4774 503 4777 Ἴ
536 4677 674 4754 Claruit
696 4678 758 4753 sub
777 4678 915 4751 Jacobo
938 4677 1070 4764 Primo,
1094 4677 1169 4775 ejus
1189 4673 1353 4760 maxime,
1376 4685 1414 4750 et
1434 4674 1586 4752 aliorum
1605 4677 1838 4771 hteratornm,
1859 4686 1982 4790 insigni
2003 4762 2007 4767 ,

407 4816 411 4825 ’
534 4809 740 4885 Maecenate
757 4818 793 4883 et
809 4817 969 4906 patrono.
1957 4840 1962 4849 ·
