4448 5964
506 548 549 610 48
901 540 967 606 DE
1006 538 1350 608 SCRIPTORIBUS
1387 537 1556 607 SOOTIS.

506 731 577 827 qui,
601 742 642 805 ut
660 755 706 805 ex
721 729 880 806 moribus
900 729 1060 829 liquebit,
1083 727 1303 828 simplicitate
1326 726 1529 801 columbina
1555 734 1711 812 ornatus,
1735 735 1773 800 et
1792 725 1891 800 omni
1907 749 1963 799 re-

506 863 695 938 conditiori
718 861 939 961 philosophia
960 862 1160 947 instruetus,
1183 859 1326 935 virtutis
1351 857 1600 958 religionisque
1620 859 1709 933 fines
1733 858 1964 958 undiquaque

508 995 546 1066 in
567 994 701 1068 vicinas
723 1004 857 1092 gentes,
882 1018 965 1068 cum
991 993 1124 1068 Santto
1151 992 1256 1067 Gallo
1282 990 1428 1088 aliisque
1457 990 1615 1089 probatis
1641 989 1828 1090 discipulis,
1856 1014 1965 1087 quam

509 1124 670 1201 latillime
698 1125 858 1224 protulit.
919 1125 1033 1199 Natus
1059 1124 1096 1197 in
1119 1124 1282 1222 Kentyra
1311 1121 1494 1221 provincia
1518 1146 1627 1219 penes
1649 1121 1793 1195 Ebudes
1818 1118 1965 1204 Insulas,

510 1254 688 1329 institutus
717 1266 754 1329 et
781 1255 929 1330 edoctus
954 1254 1048 1329 inter
1074 1255 1265 1330 monachos
1294 1253 1544 1339 Colnkilenses,
1574 1253 1636 1353 qui
1662 1252 1833 1352 plurimas
1858 1252 1967 1327 cellas

510 1388 765 1464 monachorum
789 1389 826 1462 in
851 1412 895 1462 ea
915 1387 1030 1462 insula
1048 1387 1261 1474 habuenmt
1282 1397 1320 1463 et
1342 1386 1405 1462 ubi
1426 1396 1565 1461 veteres
1585 1385 1774 1460 Scotorum
1791 1408 1894 1484 reges
1917 1383 1968 1459 se·

510 1520 744 1620 pellebantur,
776 1545 927 1619 quomm
951 1519 1149 1618 sepulturus
1172 1520 1289 1595 adhuc
1313 1517 1434 1618 pallim
1464 1516 1773 1618 peregrinantibus
1799 1516 1968 1616 conspici-

512 1665 631 1730 untur.
683 1655 749 1728 Vir
775 1653 926 1730 eximiae
952 1652 1159 1741 santtitatis,
1187 1651 1317 1738 meriti,
1345 1663 1383 1725 et
1411 1650 1607 1737 dottrinae,
1636 1659 1740 1749 pater
1770 1650 1968 1725 multorum

512 1787 664 1862 millium
688 1786 953 1873 monachorum,
980 1796 1018 1860 et
1036 1770 1327 1861 monasteriorum
1348 1782 1504 1882 plurium
1528 1782 1707 1870 fundator,
1730 1780 1842 1856 divini
1868 1782 1968 1857 verbi

513 1918 703 1993 seminator
727 1917 900 2017 egregius,
925 1916 1099 2016 principio
1122 1941 1268 2015 operam
1292 1915 1392 1990 dedit
1414 1925 1457 1990 ut
1481 1914 1736 1991 monachorum
1762 1916 1970 1991 nesteretur

515 2046 682 2132 societati,
708 2072 751 2122 ac
773 2046 1022 2121 monasterium
1048 2045 1317 2121 Bauochorense
1339 2046 1453 2146 petiit,
1476 2046 1514 2121 in
1540 2069 1611 2145 quo
1630 2044 1770 2145 praesul
1794 2045 1970 2121 virtutum

515 2180 679 2254 ubertate
712 2178 855 2254 cluebat
888 2178 1088 2277 Congellus,
1122 2178 1285 2278 egregius
1317 2178 1413 2255 inter
1440 2176 1520 2254 suos
1552 2177 1808 2255 monachorum
1840 2188 1970 2278 pater:

515 2306 672 2405 perustis
700 2318 821 2383 autem
849 2333 1025 2383 annorum
1053 2307 1249 2382 multorum
1278 2310 1317 2385 in
1348 2311 1559 2387 monasterio
1587 2309 1738 2398 circulis,
1767 2309 1972 2410 peregrina·

516 2438 651 2514 tionem
667 2438 861 2514 defiderare
883 2439 1009 2538 coepit,
1031 2465 1053 2514 a
1074 2439 1290 2516 Britannicis
1311 2466 1396 2541 ergo
1418 2442 1549 2517 finibus
1568 2438 1776 2541 progrell'us,
1793 2441 1840 2516 ad
1861 2440 1973 2517 Galli-

517 2596 576 2645 cas
598 2571 715 2646 tendit
731 2581 768 2645 et
790 2571 1029 2658 Germanicas
1054 2570 1154 2646 velut
1173 2571 1259 2645 olim
1284 2572 1462 2648 Druidum
1484 2572 1670 2672 princeps;
1693 2573 1903 2658 Luxovium,
1920 2573 1973 2648 lo-

518 2726 599 2777 cum
620 2701 658 2776 in
684 2701 901 2800 Burgimdis,
919 2702 1153 2778 sturbidiore
1176 2703 1300 2802 populi
1322 2704 1569 2780 communione
1589 2704 1822 2806 segregatum,
1839 2703 1973 2805 selegit,

518 2834 556 2907 in
573 2859 645 2933 quo
661 2834 848 2932 discipulis,
866 2833 1098 2909 monachatus
1115 2837 1363 2936 praeceptione
1379 2837 1587 2927 informatis,
1603 2836 1854 2914 monasterium
1874 2862 1974 2938 mag-

519 2968 672 3055 nificum,
699 2968 930 3067 permittente
956 2968 1173 3044 Theoderico
1201 2994 1297 3071 rege,
1320 2969 1421 3046 limul
1447 2982 1485 3046 et
1513 2969 1735 3047 Fontauense
1761 2971 1973 3046 coenobium

519 3100 717 3188 exstmxit3
759 3125 783 3174 a
823 3123 894 3198 quo
935 3124 1020 3199 rege
1052 3100 1236 3198 postquam
1269 3102 1307 3177 in
1340 3103 1488 3179 exilium
1526 3103 1575 3178 est
1613 3100 1743 3179 mill'us
1808 3104 1974 3201 Denique

520 3234 761 3308 Columbanus
785 3232 1008 3307 Alemaniam
1036 3232 1244 3330 ingreditur,
1266 3234 1329 3310 ubi
1359 3235 1395 3311 S.
1419 3236 1562 3311 Gallum
1592 3236 1761 3334 reliquit;
1787 3234 1859 3334 ipse
1888 3260 1975 3310 vero

520 3366 557 3438 in
587 3365 729 3440 Italiam
749 3361 929 3449 transiens,
959 3363 1169 3460 posivitum
1194 3363 1403 3442 santtiffime
1434 3368 1660 3454 transattam
1697 3369 1735 3443 in
1764 3368 1975 3448 monasterio

521 3497 694 3586 Bobienli‚
722 3497 792 3585 seu,
818 3507 860 3573 ut
882 3497 1064 3573 Marianus
1091 3498 1218 3574 Scotus
1243 3498 1372 3585 scribit,
1398 3500 1569 3586 Bovienfi,
1595 3501 1692 3600 quod
1715 3503 1761 3577 ab
1786 3525 1831 3576 eo
1849 3500 1977 3576 hinda-

522 3644 601 3706 tum
634 3644 671 3707 et
701 3634 872 3718 erenum,
906 3629 988 3706 suae
1021 3630 1245 3707 liberalitatis
1270 3655 1312 3707 ac
1343 3632 1525 3731 religionis
1557 3644 1770 3732 perpetuum
1803 3633 1841 3707 in
1871 3632 1978 3708 Italia

521 3765 590 3838 erit
614 3772 895 3849 monumentum,
915 3763 962 3837 ad
987 3763 1160 3849 divorum,
1183 3788 1272 3861 quos
1294 3764 1417 3841 ordine
1440 3791 1482 3841 ac
1509 3765 1702 3841 constantia
1723 3766 1817 3841 vitae
1839 3764 1978 3864 semper

523 3896 683 3971 imitatus
699 3896 758 3981 est,
776 3903 918 3968 coetum
934 3893 1175 3993 proficiscitur.
1226 3896 1343 3971 Multa
1358 3897 1559 3995 parabolice
1577 3894 1719 3994 scripsit.

673 4030 716 4102 In
734 4025 945 4101 Psnlterium
962 4025 1253 4112 Commentarios,
1270 4027 1330 4101 lib.
1348 4049 1373 4100 1.

674 4160 890 4239 Collationes
906 4159 952 4234 ad
968 4158 1171 4243 Monachus,
1188 4158 1249 4233 lib.
1267 4181 1292 4234 1.

674 4296 728 4370 De
745 4294 906 4369 Moribus
922 4316 1056 4378 eorum,
1073 4292 1231 4380 metrice,
1248 4292 1308 4367 lib.
1327 4313 1351 4364 1.

674 4424 969 4502 Monasteriorum
987 4422 1185 4510 Methodos,
1203 4423 1263 4498 lib.
1281 4443 1306 4496 1.

675 4556 847 4655 Epistolas
863 4555 909 4629 ad
927 4552 1203 4639 commilitones,
1220 4552 1279 4627 lib.
1299 4577 1323 4628 1.

673 4688 851 4764 Adversus
867 4689 1005 4786 Regem
1022 4685 1233 4773 adulterum,
1251 4684 1310 4761 lib.
1329 4706 1354 4760 1.
