4470 5962
815 581 880 649 nn
920 581 1265 685 scnmoarnus
1303 579 1473 649 scoma.

886 937 954 1014 DE
976 936 1169 1014 JOANNE
1193 932 1401 1012 MAJORR

410 1172 587 1247 donnana
621 1171 759 1247 Maron
792 1169 946 1256 nomine,
979 1169 1123 1245 natione
1157 1166 1295 1253 Scotua,
1328 1165 1447 1265 patria
1487 1161 1793 1265 Hadingtonenha,
1835 1173 1874 1239 et

411 1301 620 1402 proselhone
649 1302 837 1403 theologus
865 1300 1080 1378 Academiae
1108 1297 1314 1376 Parifienha
1375 1299 1445 1374 Hic
1474 1299 1658 1399 postquam
1693 1297 1731 1371 in
1757 1296 1876 1396 patria

412 1435 551 1512 strenue
592 1432 751 1511 coluisset
795 1434 874 1509 illm
906 1431 1115 1533 disciplinae,
1148 1457 1241 1534 quae
1273 1434 1320 1508 ab
1352 1431 1576 1508 humanitate
1608 1454 1741 1506 nomen
1775 1453 1875 1505 acce-

412 1578 553 1667 perunt,
589 1568 706 1666 prima
738 1566 834 1643 enim
866 1567 1052 1642 literarum
1083 1566 1316 1642 fundamenta
1350 1564 1439 1664 jecit
1482 1564 1521 1638 in
1560 1562 1678 1639 schola
1716 1561 1878 1663 llading·

412 1698 557 1787 tonenli,
596 1724 642 1775 ex
677 1724 749 1798 qua
784 1700 872 1773 urbe
909 1707 988 1773 erat
1025 1697 1205 1786 oriundus,
1244 1710 1281 1776 et
1318 1697 1434 1799 prima
1470 1696 1595 1773 saltem
1633 1693 1876 1795 philosophiae

413 1831 616 1908 rudimenta
640 1827 858 1931 degustasset,
891 1829 1029 1929 patriae
1050 1828 1132 1905 suae
1158 1830 1292 1907 etenim
1317 1827 1508 1932 gymnasia,
1535 1827 1878 1929 Andreapohtanam

413 1965 574 2064 intelligo
607 1963 848 2050 Academiam,
881 1962 1042 2039 florentia
1079 1964 1208 2040 aetatis
1245 1963 1447 2041 adolescens
1478 1960 1650 2040 laboriose
1684 1960 1804 2049 coluit,
1838 1960 1878 2039 in

413 2095 582 2196 Angliam
611 2089 794 2195 profeotus
817 2093 1090 2170 Univerhtatem
1114 2094 1441 2196 Gmtabrigiensem
1467 2092 1661 2171 studiorum
1686 2091 1791 2171 causa
1815 2116 1879 2192 pe-

413 2226 482 2316 tiit,
510 2229 632 2327 ibique
658 2229 697 2303 in
728 2227 857 2304 Christi
887 2226 1048 2327 Collegio
1078 2226 1191 2304 trium
1217 2226 1388 2305 mensium
1420 2227 1563 2304 auditor
1595 2227 1713 2303 aeus
1745 2224 1804 2313 est,
1833 2248 1879 2303 eo

414 2359 510 2457 quod
532 2358 646 2459 ipsum
672 2359 711 2433 in
740 2357 865 2434 Sancti
889 2358 1055 2434 Andreae
1080 2359 1249 2457 parochia
1273 2358 1377 2436 litum
1399 2360 1606 2447 offenderat,
1630 2357 1733 2433 utin
1761 2356 1879 2457 primo

413 2488 476 2567 suo
504 2491 596 2567 libro
623 2491 669 2567 de
696 2491 886 2566 Scotorum
915 2489 1038 2578 Gestia
1065 2514 1141 2589 cap.
1170 2514 1209 2566 v.
1237 2493 1496 2570 commonstrat.
1555 2489 1706 2568 Parisios
1730 2489 1814 2566 inde
1840 2488 1880 2565 in

415 2622 550 2700 Galliae
577 2623 797 2724 pervolabat,
823 2622 1026 2699 uberiorem
1057 2622 1202 2700 suorum
1227 2625 1421 2702 studiorum
1449 2623 1590 2702 causum
1618 2623 1692 2699 illic
1724 2621 1763 2698 in
1797 2621 1881 2698 (lol-
1926 2660 1928 2666 ·

414 2754 508 2855 legio
540 2755 676 2831 Montis
709 2755 818 2831 Acuti
851 2754 1121 2854 completurus:
1156 2756 1251 2847 unde
1285 2781 1332 2832 ex
1367 2780 1411 2832 eo
1443 2754 1590 2832 tandem
1622 2752 1756 2854 prodiit
1789 2753 1880 2842 loco,

416 2883 533 2985 inquit
559 2886 702 2973 Buleus,
729 2911 880 2986 magnae
910 2885 1093 2962 Sorbonac
1120 2884 1503 2976 scholasticus-dcem,
1533 2896 1572 2964 ct
1596 2887 1636 2963 in
1659 2911 1704 2963 ea
1724 2884 1882 2986 specula·

413 3024 511 3101 tione
540 3022 753 3122 disceptator
782 3019 1007 3100 wuciffimua
1076 3023 1156 3100 Hoc
1184 3029 1326 3105 Joanne
1355 3026 1502 3127 Majore,
1530 3026 1570 3102 in
1597 3025 1768 3102 hcultate
1796 3024 1882 3103 Sor-

414 3155 550 3242 bonico,
577 3156 735 3231 humana
761 3153 951 3254 divinaque
978 3152 1200 3254 philosophia
1223 3158 1406 3258 majorem,
1429 3155 1668 3244 illustriorem,
1694 3166 1794 3233 aetas
1812 3153 1884 3233 illa

413 3312 487 3365 non
523 3288 640 3374 tulit;
681 3286 840 3363 maximo
880 3283 1051 3385 liquidem
1092 3285 1155 3362 illo
1195 3288 1312 3366 seculo
1346 3288 1442 3366 inter
1487 3290 1673 3389 theologos
1717 3287 1881 3394 nominia

414 3420 646 3518 Posteaquam
680 3418 845 3495 Lutetiae
885 3442 1016 3518 magna
1052 3439 1135 3493 cum
1168 3421 1375 3499 celebritate
1413 3420 1577 3520 plurimis
1609 3420 1713 3497 annia
1746 3417 1884 3497 sacram

414 3552 632 3652 theologiam
665 3549 898 3652 praelegillet
931 3549 970 3625 in
1004 3551 1161 3629 Scotiam
1193 3554 1339 3629 tandem
1370 3563 1567 3640 revocatur,
1598 3552 1645 3630 ad
1678 3563 1882 3635 amentum

415 3683 524 3785 usque
557 3684 653 3760 vitae
685 3683 768 3760 suae
809 3683 904 3760 diem
937 3683 975 3760 iu
1000 3684 1201 3761 Academia
1232 3685 1538 3787 Andreapolitana
1569 3685 1677 3785 primi
1710 3684 1880 3786 theologi,

414 3840 488 3892 uon
524 3816 644 3893 minus
675 3814 871 3914 prudenter
904 3841 1013 3915 quam
1049 3818 1118 3916 pie,
1154 3842 1303 3894 munere
1336 3819 1483 3895 sunetus
1519 3819 1578 3894 est
1645 3818 1735 3897 Erat
1767 3816 1880 3897 etiam

414 3948 491 4049 regi
512 3948 650 4027 Jacobo
675 3949 822 4038 Quinto,
848 3947 1022 4025 virtutum
1050 3961 1087 4025 et
1114 3949 1323 4026 eruditionis
1348 3951 1502 4039 nomine,
1529 3951 1722 4027 admodum
1750 3950 1881 4027 lumili-

415 4081 487 4157 aria
511 4091 549 4157 et
574 4105 688 4157 curua
740 4079 806 4154 Vir
833 4078 995 4156 veritatis
1018 4081 1150 4180 ubique
1177 4107 1286 4181 quam
1312 4083 1536 4183 eloquentiae
1561 4081 1750 4170 studiosior,
1776 4093 1819 4161 ut
1839 4082 1881 4159 in

415 4212 606 4301 volumine,
627 4237 736 4312 quam
753 4211 945 4290 Historiam
960 4211 1106 4312 Maioris
1131 4213 1338 4292 Britanniae
1360 4215 1540 4317 inscripsit,
1557 4240 1623 4317 per
1644 4215 1748 4290 illum
1769 4214 1879 4323 edito,

415 4347 535 4422 videre
562 4345 657 4422 licet.
723 4346 809 4421 Fuit
842 4346 952 4423 etiam
984 4346 1191 4448 integritate
1225 4349 1321 4424 vitae
1352 4360 1390 4425 et
1423 4349 1622 4426 eruditione
1654 4348 1736 4448 plna
1768 4361 1879 4447 quum

415 4479 553 4578 vulgari
577 4490 693 4567 notus,
720 4478 758 4555 in
783 4479 881 4555 omni
907 4479 1058 4556 cultiore
1078 4478 1243 4556 doetrinc
1264 4477 1480 4567 cultissimus,
1502 4479 1639 4556 subtilia
1663 4479 1808 4580 ingenii,
1823 4491 1880 4557 te·

415 4611 513 4687 nucis
535 4612 739 4700 memoriae,
765 4613 812 4688 ad
836 4611 1055 4688 scholasticas
1078 4611 1359 4688 concertationes
1382 4612 1472 4688 mire
1497 4624 1644 4701 acutus;
1668 4636 1734 4713 per
1755 4613 1878 4689 omnia

415 4741 568 4841 denique
586 4741 714 4819 doctor
729 4740 911 4842 perfectus
927 4752 965 4816 et
981 4740 1171 4818 absolutua
1223 4744 1324 4820 Inter
1339 4770 1383 4821 ea
1399 4769 1491 4847 quae
1507 4745 1662 4845 plurimo
1677 4741 1821 4845 scripsit

563 4873 830 4952 Commentario
845 4874 884 4948 in
901 4883 1055 4973 quatuor
1071 4873 1274 4974 Evangelia,
1389 4935 1392 4941 .
