<?xml version="1.0" encoding="UTF-8"?>
<!DOCTYPE html PUBLIC "-//W3C//DTD XHTML 1.0 Transitional//EN"
    "http://www.w3.org/TR/xhtml1/DTD/xhtml1-transitional.dtd">
<html xmlns="http://www.w3.org/1999/xhtml" xml:lang="en" lang="en">
 <head>
  <title>
</title>
<meta http-equiv="Content-Type" content="text/html;charset=utf-8" />
  <meta name='ocr-system' content='tesseract 3.04.00' />
  <meta name='ocr-capabilities' content='ocr_page ocr_carea ocr_par ocr_line ocrx_word'/>
</head>
<body>
  <div class='ocr_page' id='page_1' title='image "./davidisbuchanan00irvigoog_0086.png"; bbox 0 0 4470 5962; ppageno 0'>
   <div class='ocr_carea' id='block_1_1' title="bbox 402 539 1449 616">
    <p class='ocr_par' dir='ltr' id='par_1_1' title="bbox 402 539 1449 616">
     <span class='ocr_line' id='line_1_1' title="bbox 402 539 1449 616; baseline 0.002 -14"><span class='ocrx_word' id='word_1_1' title='bbox 402 541 446 616; x_wconf 84' lang='grc'><strong>68</strong></span> <span class='ocrx_word' id='word_1_2' title='bbox 798 541 863 605; x_wconf 79' lang='grc' dir='ltr'><strong>ΒΕ</strong></span> <span class='ocrx_word' id='word_1_3' title='bbox 901 539 1244 607; x_wconf 82' lang='lat' dir='ltr'>SCRIPTORIBUS</span> <span class='ocrx_word' id='word_1_4' title='bbox 1280 539 1449 607; x_wconf 72' lang='lat' dir='ltr'><strong>scorls.</strong></span> 
     </span>
    </p>
   </div>
   <div class='ocr_carea' id='block_1_2' title="bbox 326 728 1870 4917">
    <p class='ocr_par' dir='ltr' id='par_1_2' title="bbox 326 728 1870 3994">
     <span class='ocr_line' id='line_1_2' title="bbox 402 728 1865 829; baseline 0.001 -26"><span class='ocrx_word' id='word_1_5' title='bbox 402 730 499 805; x_wconf 90' lang='lat' dir='ltr'><strong>hand</strong></span> <span class='ocrx_word' id='word_1_6' title='bbox 530 730 742 803; x_wconf 73' lang='lat' dir='ltr'><strong>cunctanter</strong></span> <span class='ocrx_word' id='word_1_7' title='bbox 772 729 936 815; x_wconf 80' lang='lat' dir='ltr'>accinxit,</span> <span class='ocrx_word' id='word_1_8' title='bbox 971 738 1009 803; x_wconf 89' lang='lat' dir='ltr'><strong>et</strong></span> <span class='ocrx_word' id='word_1_9' title='bbox 1043 729 1080 802; x_wconf 93' lang='lat' dir='ltr'><strong>in</strong></span> <span class='ocrx_word' id='word_1_10' title='bbox 1114 728 1301 803; x_wconf 81' lang='lat' dir='ltr'><strong>Graeciam</strong></span> <span class='ocrx_word' id='word_1_11' title='bbox 1334 728 1444 827; x_wconf 86' lang='lat' dir='ltr'><strong>nsque</strong></span> <span class='ocrx_word' id='word_1_12' title='bbox 1477 729 1666 829; x_wconf 83' lang='lat' dir='ltr'><strong>perrexit;</strong></span> <span class='ocrx_word' id='word_1_13' title='bbox 1703 730 1865 805; x_wconf 75' lang='lat' dir='ltr'><strong>Athenae</strong></span> 
     </span>
     <span class='ocr_line' id='line_1_3' title="bbox 403 858 1862 960; baseline 0.001 -28"><span class='ocrx_word' id='word_1_14' title='bbox 403 859 516 958; x_wconf 83' lang='lat' dir='ltr'><strong>petiit,</strong></span> <span class='ocrx_word' id='word_1_15' title='bbox 558 859 681 934; x_wconf 77' lang='lat' dir='ltr'><strong>literas</strong></span> <span class='ocrx_word' id='word_1_16' title='bbox 722 859 886 946; x_wconf 86' lang='lat' dir='ltr'><strong>Graecas,</strong></span> <span class='ocrx_word' id='word_1_17' title='bbox 929 858 1134 945; x_wconf 72' lang='lat' dir='ltr'>Chaldaeus,</span> <span class='ocrx_word' id='word_1_18' title='bbox 1176 868 1214 933; x_wconf 88' lang='lat' dir='ltr'><strong>et</strong></span> <span class='ocrx_word' id='word_1_19' title='bbox 1255 859 1427 936; x_wconf 73' lang='lat' dir='ltr'><strong>Arabicas</strong></span> <span class='ocrx_word' id='word_1_20' title='bbox 1468 859 1603 948; x_wconf 80' lang='lat' dir='ltr'><strong>didicit,</strong></span> <span class='ocrx_word' id='word_1_21' title='bbox 1648 885 1862 960; x_wconf 91' lang='lat' dir='ltr'><strong>omnemque</strong></span> 
     </span>
     <span class='ocr_line' id='line_1_4' title="bbox 404 990 1865 1092; baseline 0 -25"><span class='ocrx_word' id='word_1_22' title='bbox 404 1017 570 1068; x_wconf 85' lang='lat' dir='ltr'><strong>arcanam</strong></span> <span class='ocrx_word' id='word_1_23' title='bbox 610 990 868 1092; x_wconf 82' lang='lat' dir='ltr'><strong>philosophiam</strong></span> <span class='ocrx_word' id='word_1_24' title='bbox 902 992 954 1067; x_wconf 86' lang='lat' dir='ltr'><strong>ita</strong></span> <span class='ocrx_word' id='word_1_25' title='bbox 986 990 1195 1091; x_wconf 83' lang='lat' dir='ltr'><strong>penetravit,</strong></span> <span class='ocrx_word' id='word_1_26' title='bbox 1232 999 1275 1064; x_wconf 90' lang='lat' dir='ltr'><strong>ut</strong></span> <span class='ocrx_word' id='word_1_27' title='bbox 1306 991 1345 1065; x_wconf 91' lang='lat' dir='ltr'><strong>in</strong></span> <span class='ocrx_word' id='word_1_28' title='bbox 1377 990 1475 1066; x_wconf 93' lang='lat' dir='ltr'><strong>omni</strong></span> <span class='ocrx_word' id='word_1_29' title='bbox 1510 991 1658 1067; x_wconf 87' lang='lat' dir='ltr'><strong>meliore</strong></span> <span class='ocrx_word' id='word_1_30' title='bbox 1699 991 1865 1067; x_wconf 70' lang='lat' dir='ltr'><strong>dodirina</strong></span> 
     </span>
     <span class='ocr_line' id='line_1_5' title="bbox 404 1123 1862 1223; baseline -0.001 -25"><span class='ocrx_word' id='word_1_31' title='bbox 404 1126 464 1198; x_wconf 84' lang='lat' dir='ltr'><strong>vix</strong></span> <span class='ocrx_word' id='word_1_32' title='bbox 487 1124 540 1199; x_wconf 89' lang='lat' dir='ltr'><strong>sni</strong></span> <span class='ocrx_word' id='word_1_33' title='bbox 564 1123 711 1199; x_wconf 85' lang='lat' dir='ltr'><strong>iimilem</strong></span> <span class='ocrx_word' id='word_1_34' title='bbox 735 1149 938 1223; x_wconf 88' lang='lat' dir='ltr'><strong>quenquam</strong></span> <span class='ocrx_word' id='word_1_35' title='bbox 959 1125 997 1198; x_wconf 94' lang='lat' dir='ltr'><strong>in</strong></span> <span class='ocrx_word' id='word_1_36' title='bbox 1024 1124 1087 1200; x_wconf 85' lang='lat' dir='ltr'><strong>illa</strong></span> <span class='ocrx_word' id='word_1_37' title='bbox 1107 1134 1225 1199; x_wconf 89' lang='lat' dir='ltr'><strong>aetate</strong></span> <span class='ocrx_word' id='word_1_38' title='bbox 1251 1148 1317 1221; x_wconf 91' lang='lat' dir='ltr'><strong>per</strong></span> <span class='ocrx_word' id='word_1_39' title='bbox 1337 1134 1517 1200; x_wconf 90' lang='lat' dir='ltr'><strong>terrarum</strong></span> <span class='ocrx_word' id='word_1_40' title='bbox 1541 1127 1666 1200; x_wconf 89' lang='lat' dir='ltr'><strong>orbem</strong></span> <span class='ocrx_word' id='word_1_41' title='bbox 1686 1123 1862 1200; x_wconf 84' lang='lat' dir='ltr'><strong>habuerit.</strong></span> 
     </span>
     <span class='ocr_line' id='line_1_6' title="bbox 404 1252 1862 1355; baseline -0.002 -23"><span class='ocrx_word' id='word_1_42' title='bbox 404 1258 487 1333; x_wconf 82' lang='lat' dir='ltr'><strong>Post</strong></span> <span class='ocrx_word' id='word_1_43' title='bbox 510 1258 642 1333; x_wconf 82' lang='lat' dir='ltr'><strong>multos</strong></span> <span class='ocrx_word' id='word_1_44' title='bbox 663 1267 784 1332; x_wconf 86' lang='lat' dir='ltr'><strong>autem</strong></span> <span class='ocrx_word' id='word_1_45' title='bbox 810 1281 931 1344; x_wconf 82' lang='lat' dir='ltr'><strong>annos,</strong></span> <span class='ocrx_word' id='word_1_46' title='bbox 949 1267 986 1331; x_wconf 91' lang='lat' dir='ltr'><strong>et</strong></span> <span class='ocrx_word' id='word_1_47' title='bbox 1009 1255 1090 1355; x_wconf 80' lang='lat' dir='ltr'><strong>plus</strong></span> <span class='ocrx_word' id='word_1_48' title='bbox 1111 1277 1219 1354; x_wconf 90' lang='lat' dir='ltr'><strong>quam</strong></span> <span class='ocrx_word' id='word_1_49' title='bbox 1241 1255 1438 1330; x_wconf 81' lang='lat' dir='ltr'><strong>mediocres</strong></span> <span class='ocrx_word' id='word_1_50' title='bbox 1459 1255 1498 1330; x_wconf 88' lang='lat' dir='ltr'><strong>in</strong></span> <span class='ocrx_word' id='word_1_51' title='bbox 1518 1255 1633 1330; x_wconf 86' lang='lat' dir='ltr'><strong>literis</strong></span> <span class='ocrx_word' id='word_1_52' title='bbox 1653 1252 1862 1354; x_wconf 77' lang='lat' dir='ltr'><strong>progreffua</strong></span> 
     </span>
     <span class='ocr_line' id='line_1_7' title="bbox 404 1384 1865 1484; baseline 0.001 -24"><span class='ocrx_word' id='word_1_53' title='bbox 404 1388 443 1462; x_wconf 90' lang='lat' dir='ltr'><strong>in</strong></span> <span class='ocrx_word' id='word_1_54' title='bbox 471 1387 612 1462; x_wconf 88' lang='lat' dir='ltr'><strong>Italiam</strong></span> <span class='ocrx_word' id='word_1_55' title='bbox 651 1397 689 1462; x_wconf 89' lang='lat' dir='ltr'><strong>et</strong></span> <span class='ocrx_word' id='word_1_56' title='bbox 718 1387 871 1463; x_wconf 87' lang='lat' dir='ltr'><strong>Galliam</strong></span> <span class='ocrx_word' id='word_1_57' title='bbox 899 1387 948 1462; x_wconf 83' lang='lat' dir='ltr'><strong>est</strong></span> <span class='ocrx_word' id='word_1_58' title='bbox 975 1385 1144 1474; x_wconf 73' lang='lat' dir='ltr'><strong>reversua</strong></span> <span class='ocrx_word' id='word_1_59' title='bbox 1178 1411 1201 1460; x_wconf 88' lang='lat' dir='ltr'><strong>a</strong></span> <span class='ocrx_word' id='word_1_60' title='bbox 1233 1385 1411 1461; x_wconf 87' lang='lat' dir='ltr'><strong>Lndovico</strong></span> <span class='ocrx_word' id='word_1_61' title='bbox 1441 1386 1686 1461; x_wconf 87' lang='lat' dir='ltr'><strong>Romanorum</strong></span> <span class='ocrx_word' id='word_1_62' title='bbox 1713 1384 1865 1484; x_wconf 85' lang='lat' dir='ltr'><strong>impera·</strong></span> 
     </span>
     <span class='ocr_line' id='line_1_8' title="bbox 404 1518 1866 1619; baseline 0 -25"><span class='ocrx_word' id='word_1_63' title='bbox 404 1531 483 1594; x_wconf 88' lang='lat' dir='ltr'><strong>tore</strong></span> <span class='ocrx_word' id='word_1_64' title='bbox 508 1520 650 1597; x_wconf 88' lang='lat' dir='ltr'><strong>accitus.</strong></span> <span class='ocrx_word' id='word_1_65' title='bbox 697 1519 907 1619; x_wconf 82' lang='lat' dir='ltr'><strong>Multiplicia</strong></span> <span class='ocrx_word' id='word_1_66' title='bbox 932 1518 1141 1595; x_wconf 80' lang='lat' dir='ltr'><strong>eruditionis</strong></span> <span class='ocrx_word' id='word_1_67' title='bbox 1169 1519 1312 1594; x_wconf 89' lang='lat' dir='ltr'><strong>nomine</strong></span> <span class='ocrx_word' id='word_1_68' title='bbox 1336 1519 1465 1596; x_wconf 83' lang='lat' dir='ltr'><strong>Carolo</strong></span> <span class='ocrx_word' id='word_1_69' title='bbox 1485 1519 1605 1606; x_wconf 79' lang='lat' dir='ltr'><strong>Calvo,</strong></span> <span class='ocrx_word' id='word_1_70' title='bbox 1626 1529 1669 1594; x_wconf 86' lang='lat' dir='ltr'><strong>nt</strong></span> <span class='ocrx_word' id='word_1_71' title='bbox 1690 1528 1728 1594; x_wconf 89' lang='lat' dir='ltr'><strong>et</strong></span> <span class='ocrx_word' id='word_1_72' title='bbox 1750 1518 1866 1594; x_wconf 89' lang='lat' dir='ltr'><strong>Ludo·</strong></span> 
     </span>
     <span class='ocr_line' id='line_1_9' title="bbox 405 1647 1864 1750; baseline 0 -25"><span class='ocrx_word' id='word_1_73' title='bbox 405 1651 483 1725; x_wconf 89' lang='lat' dir='ltr'><strong>vico</strong></span> <span class='ocrx_word' id='word_1_74' title='bbox 506 1651 629 1737; x_wconf 84' lang='lat' dir='ltr'><strong>Balbo,</strong></span> <span class='ocrx_word' id='word_1_75' title='bbox 651 1651 701 1726; x_wconf 86' lang='lat' dir='ltr'><strong>est</strong></span> <span class='ocrx_word' id='word_1_76' title='bbox 722 1661 898 1749; x_wconf 84' lang='lat' dir='ltr'><strong>acceptus.</strong></span> <span class='ocrx_word' id='word_1_77' title='bbox 949 1649 1065 1749; x_wconf 86' lang='lat' dir='ltr'><strong>Hujus</strong></span> <span class='ocrx_word' id='word_1_78' title='bbox 1087 1649 1195 1748; x_wconf 93' lang='lat' dir='ltr'><strong>lepidi</strong></span> <span class='ocrx_word' id='word_1_79' title='bbox 1218 1649 1351 1749; x_wconf 90' lang='lat' dir='ltr'><strong>ingenii</strong></span> <span class='ocrx_word' id='word_1_80' title='bbox 1375 1649 1508 1727; x_wconf 85' lang='lat' dir='ltr'><strong>illustre</strong></span> <span class='ocrx_word' id='word_1_81' title='bbox 1529 1647 1668 1750; x_wconf 80' lang='lat' dir='ltr'><strong>iignum</strong></span> <span class='ocrx_word' id='word_1_82' title='bbox 1690 1650 1759 1725; x_wconf 92' lang='lat' dir='ltr'><strong>hoc</strong></span> <span class='ocrx_word' id='word_1_83' title='bbox 1783 1649 1864 1736; x_wconf 79' lang='lat' dir='ltr'><strong>fnit,</strong></span> 
     </span>
     <span class='ocr_line' id='line_1_10' title="bbox 406 1779 1866 1881; baseline -0.001 -23"><span class='ocrx_word' id='word_1_84' title='bbox 406 1784 502 1880; x_wconf 92' lang='lat' dir='ltr'><strong>qnod</strong></span> <span class='ocrx_word' id='word_1_85' title='bbox 527 1784 604 1881; x_wconf 89' lang='lat' dir='ltr'><strong>regi</strong></span> <span class='ocrx_word' id='word_1_86' title='bbox 631 1783 670 1857; x_wconf 93' lang='lat' dir='ltr'><strong>in</strong></span> <span class='ocrx_word' id='word_1_87' title='bbox 696 1781 816 1858; x_wconf 90' lang='lat' dir='ltr'><strong>mensa</strong></span> <span class='ocrx_word' id='word_1_88' title='bbox 843 1783 1067 1881; x_wconf 81' lang='lat' dir='ltr'><strong>percontanti</strong></span> <span class='ocrx_word' id='word_1_89' title='bbox 1094 1782 1297 1880; x_wconf 85' lang='lat' dir='ltr'><strong>(jocabatur</strong></span> <span class='ocrx_word' id='word_1_90' title='bbox 1315 1781 1411 1858; x_wconf 90' lang='lat' dir='ltr'><strong>enim</strong></span> <span class='ocrx_word' id='word_1_91' title='bbox 1433 1807 1499 1858; x_wconf 89' lang='lat' dir='ltr'><strong>rex</strong></span> <span class='ocrx_word' id='word_1_92' title='bbox 1524 1806 1606 1857; x_wconf 91' lang='lat' dir='ltr'><strong>cum</strong></span> <span class='ocrx_word' id='word_1_93' title='bbox 1630 1782 1694 1857; x_wconf 91' lang='lat' dir='ltr'><strong>illo</strong></span> <span class='ocrx_word' id='word_1_94' title='bbox 1717 1779 1866 1881; x_wconf 82' lang='lat' dir='ltr'><strong>saepiffi-</strong></span> 
     </span>
     <span class='ocr_line' id='line_1_11' title="bbox 405 1913 1866 2014; baseline -0.003 -22"><span class='ocrx_word' id='word_1_95' title='bbox 405 1923 477 2014; x_wconf 87' lang='lat' dir='ltr'><strong>mc)</strong></span> <span class='ocrx_word' id='word_1_96' title='bbox 507 1916 604 2005; x_wconf 78' lang='lat' dir='ltr'><strong>Quid</strong></span> <span class='ocrx_word' id='word_1_97' title='bbox 629 1913 809 1991; x_wconf 82' lang='lat' dir='ltr'><strong>intereffet</strong></span> <span class='ocrx_word' id='word_1_98' title='bbox 838 1915 932 1990; x_wconf 88' lang='lat' dir='ltr'><strong>inter</strong></span> <span class='ocrx_word' id='word_1_99' title='bbox 959 1914 1106 1990; x_wconf 85' lang='lat' dir='ltr'><strong>Scotum</strong></span> <span class='ocrx_word' id='word_1_100' title='bbox 1134 1924 1172 1989; x_wconf 92' lang='lat' dir='ltr'><strong>et</strong></span> <span class='ocrx_word' id='word_1_101' title='bbox 1198 1913 1343 1989; x_wconf 77' lang='lat' dir='ltr'><strong>sotumi</strong></span> <span class='ocrx_word' id='word_1_102' title='bbox 1373 1913 1504 2008; x_wconf 85' lang='lat' dir='ltr'><strong>(sotum</strong></span> <span class='ocrx_word' id='word_1_103' title='bbox 1535 1915 1632 1991; x_wconf 91' lang='lat' dir='ltr'><strong>enim</strong></span> <span class='ocrx_word' id='word_1_104' title='bbox 1661 1914 1758 1990; x_wconf 90' lang='lat' dir='ltr'><strong>Galli</strong></span> <span class='ocrx_word' id='word_1_105' title='bbox 1787 1938 1866 1988; x_wconf 87' lang='lat' dir='ltr'><strong>ver-</strong></span> 
     </span>
     <span class='ocr_line' id='line_1_12' title="bbox 406 2046 1864 2149; baseline -0.001 -24"><span class='ocrx_word' id='word_1_106' title='bbox 406 2050 536 2125; x_wconf 89' lang='lat' dir='ltr'><strong>nacula</strong></span> <span class='ocrx_word' id='word_1_107' title='bbox 555 2049 678 2149; x_wconf 90' lang='lat' dir='ltr'><strong>lingua</strong></span> <span class='ocrx_word' id='word_1_108' title='bbox 699 2048 880 2148; x_wconf 81' lang='lat' dir='ltr'><strong>appellant</strong></span> <span class='ocrx_word' id='word_1_109' title='bbox 903 2046 1085 2123; x_wconf 89' lang='lat' dir='ltr'><strong>hominem</strong></span> <span class='ocrx_word' id='word_1_110' title='bbox 1105 2056 1235 2122; x_wconf 89' lang='lat' dir='ltr'><strong>natura</strong></span> <span class='ocrx_word' id='word_1_111' title='bbox 1250 2056 1288 2121; x_wconf 87' lang='lat' dir='ltr'><strong>ct</strong></span> <span class='ocrx_word' id='word_1_112' title='bbox 1307 2046 1451 2146; x_wconf 86' lang='lat' dir='ltr'><strong>ingenio</strong></span> <span class='ocrx_word' id='word_1_113' title='bbox 1471 2047 1674 2147; x_wconf 82' lang='lat' dir='ltr'><strong>stupidum)</strong></span> <span class='ocrx_word' id='word_1_114' title='bbox 1695 2046 1864 2132; x_wconf 85' lang='lat' dir='ltr'><strong>Mensam,</strong></span> 
     </span>
     <span class='ocr_line' id='line_1_13' title="bbox 405 2176 1865 2279; baseline -0.002 -24"><span class='ocrx_word' id='word_1_115' title='bbox 405 2179 595 2279; x_wconf 72' lang='lat' dir='ltr'><strong>respondit</strong></span> <span class='ocrx_word' id='word_1_116' title='bbox 628 2177 712 2255; x_wconf 85' lang='lat' dir='ltr'><strong>salse</strong></span> <span class='ocrx_word' id='word_1_117' title='bbox 741 2204 863 2278; x_wconf 88' lang='lat' dir='ltr'><strong>regem</strong></span> <span class='ocrx_word' id='word_1_118' title='bbox 895 2202 1066 2278; x_wconf 80' lang='lat' dir='ltr'><strong>pungens,</strong></span> <span class='ocrx_word' id='word_1_119' title='bbox 1102 2177 1198 2252; x_wconf 87' lang='lat' dir='ltr'><strong>inter</strong></span> <span class='ocrx_word' id='word_1_120' title='bbox 1228 2201 1334 2276; x_wconf 89' lang='lat' dir='ltr'><strong>quem</strong></span> <span class='ocrx_word' id='word_1_121' title='bbox 1362 2188 1400 2253; x_wconf 89' lang='lat' dir='ltr'><strong>et</strong></span> <span class='ocrx_word' id='word_1_122' title='bbox 1432 2177 1612 2254; x_wconf 84' lang='lat' dir='ltr'><strong>Joanuem</strong></span> <span class='ocrx_word' id='word_1_123' title='bbox 1644 2176 1770 2252; x_wconf 85' lang='lat' dir='ltr'><strong>mensa</strong></span> <span class='ocrx_word' id='word_1_124' title='bbox 1795 2177 1865 2252; x_wconf 85' lang='lat' dir='ltr'><strong>fuit</strong></span> 
     </span>
     <span class='ocr_line' id='line_1_14' title="bbox 407 2306 1866 2409; baseline -0.001 -24"><span class='ocrx_word' id='word_1_125' title='bbox 407 2309 620 2409; x_wconf 83' lang='lat' dir='ltr'><strong>interpoiita</strong></span> <span class='ocrx_word' id='word_1_126' title='bbox 671 2309 816 2408; x_wconf 88' lang='lat' dir='ltr'><strong>Rogatu</strong></span> <span class='ocrx_word' id='word_1_127' title='bbox 847 2318 969 2386; x_wconf 87' lang='lat' dir='ltr'><strong>autem</strong></span> <span class='ocrx_word' id='word_1_128' title='bbox 996 2306 1230 2407; x_wconf 84' lang='lat' dir='ltr'><strong>imperatorie,</strong></span> <span class='ocrx_word' id='word_1_129' title='bbox 1264 2307 1420 2408; x_wconf 83' lang='lat' dir='ltr'><strong>Dionyiii</strong></span> <span class='ocrx_word' id='word_1_130' title='bbox 1451 2309 1691 2409; x_wconf 83' lang='lat' dir='ltr'><strong>Areopagitae</strong></span> <span class='ocrx_word' id='word_1_131' title='bbox 1718 2308 1866 2384; x_wconf 81' lang='lat' dir='ltr'><strong>Hierar-</strong></span> 
     </span>
     <span class='ocr_line' id='line_1_15' title="bbox 407 2440 1866 2541; baseline -0.001 -25"><span class='ocrx_word' id='word_1_132' title='bbox 407 2443 524 2518; x_wconf 92' lang='lat' dir='ltr'><strong>chiam</strong></span> <span class='ocrx_word' id='word_1_133' title='bbox 548 2442 593 2516; x_wconf 87' lang='lat' dir='ltr'><strong>de</strong></span> <span class='ocrx_word' id='word_1_134' title='bbox 617 2442 756 2519; x_wconf 88' lang='lat' dir='ltr'><strong>Graeco</strong></span> <span class='ocrx_word' id='word_1_135' title='bbox 784 2441 823 2515; x_wconf 94' lang='lat' dir='ltr'><strong>in</strong></span> <span class='ocrx_word' id='word_1_136' title='bbox 849 2440 1016 2516; x_wconf 87' lang='lat' dir='ltr'><strong>Latinum</strong></span> <span class='ocrx_word' id='word_1_137' title='bbox 1040 2441 1169 2515; x_wconf 78' lang='lat' dir='ltr'><strong>vertit:</strong></span> <span class='ocrx_word' id='word_1_138' title='bbox 1199 2449 1299 2516; x_wconf 86' lang='lat' dir='ltr'><strong>extat</strong></span> <span class='ocrx_word' id='word_1_139' title='bbox 1324 2466 1414 2541; x_wconf 83' lang='lat' dir='ltr'><strong>opus</strong></span> <span class='ocrx_word' id='word_1_140' title='bbox 1439 2440 1581 2541; x_wconf 84' lang='lat' dir='ltr'><strong>infigne,</strong></span> <span class='ocrx_word' id='word_1_141' title='bbox 1602 2441 1866 2517; x_wconf 74' lang='lat' dir='ltr'><strong>commentariis</strong></span> 
     </span>
     <span class='ocr_line' id='line_1_16' title="bbox 408 2572 1866 2674; baseline -0.001 -26"><span class='ocrx_word' id='word_1_142' title='bbox 408 2574 570 2674; x_wconf 87' lang='lat' dir='ltr'><strong>Hugonis</strong></span> <span class='ocrx_word' id='word_1_143' title='bbox 602 2600 625 2650; x_wconf 92' lang='lat' dir='ltr'><strong>a</strong></span> <span class='ocrx_word' id='word_1_144' title='bbox 657 2574 693 2650; x_wconf 87' lang='lat' dir='ltr'><strong>S.</strong></span> <span class='ocrx_word' id='word_1_145' title='bbox 729 2574 875 2650; x_wconf 64' lang='lat' dir='ltr'><strong>Vitiore</strong></span> <span class='ocrx_word' id='word_1_146' title='bbox 910 2573 1131 2649; x_wconf 86' lang='lat' dir='ltr'><strong>illustratum</strong></span> <span class='ocrx_word' id='word_1_147' title='bbox 1186 2572 1269 2648; x_wconf 87' lang='lat' dir='ltr'><strong>Post</strong></span> <span class='ocrx_word' id='word_1_148' title='bbox 1300 2572 1421 2649; x_wconf 82' lang='lat' dir='ltr'><strong>miffus</strong></span> <span class='ocrx_word' id='word_1_149' title='bbox 1454 2599 1477 2648; x_wconf 89' lang='lat' dir='ltr'><strong>a</strong></span> <span class='ocrx_word' id='word_1_150' title='bbox 1508 2574 1638 2650; x_wconf 84' lang='lat' dir='ltr'><strong>Carolo</strong></span> <span class='ocrx_word' id='word_1_151' title='bbox 1672 2573 1793 2648; x_wconf 85' lang='lat' dir='ltr'><strong>Tertio</strong></span> <span class='ocrx_word' id='word_1_152' title='bbox 1828 2574 1866 2648; x_wconf 94' lang='lat' dir='ltr'><strong>in</strong></span> 
     </span>
     <span class='ocr_line' id='line_1_17' title="bbox 407 2704 1867 2806; baseline 0.001 -26"><span class='ocrx_word' id='word_1_153' title='bbox 407 2706 584 2806; x_wconf 84' lang='lat' dir='ltr'><strong>Angliam</strong></span> <span class='ocrx_word' id='word_1_154' title='bbox 619 2704 799 2782; x_wconf 87' lang='lat' dir='ltr'><strong>descendit</strong></span> <span class='ocrx_word' id='word_1_155' title='bbox 841 2705 981 2804; x_wconf 82' lang='lat' dir='ltr'><strong>legatus</strong></span> <span class='ocrx_word' id='word_1_156' title='bbox 1018 2704 1065 2778; x_wconf 92' lang='lat' dir='ltr'><strong>ad</strong></span> <span class='ocrx_word' id='word_1_157' title='bbox 1100 2704 1287 2781; x_wconf 83' lang='lat' dir='ltr'><strong>Alhedum</strong></span> <span class='ocrx_word' id='word_1_158' title='bbox 1327 2707 1526 2805; x_wconf 87' lang='lat' dir='ltr'><strong>Anglorum</strong></span> <span class='ocrx_word' id='word_1_159' title='bbox 1565 2731 1697 2805; x_wconf 86' lang='lat' dir='ltr'><strong>regem,</strong></span> <span class='ocrx_word' id='word_1_160' title='bbox 1731 2706 1867 2806; x_wconf 91' lang='lat' dir='ltr'><strong>optimo</strong></span> 
     </span>
     <span class='ocr_line' id='line_1_18' title="bbox 326 2832 1865 2935; baseline 0.002 -24"><span class='ocrx_word' id='word_1_161' title='bbox 326 2832 332 2843; x_wconf 83' lang='lat'>&#39;</span> <span class='ocrx_word' id='word_1_162' title='bbox 408 2837 558 2935; x_wconf 87' lang='lat' dir='ltr'><strong>principi</strong></span> <span class='ocrx_word' id='word_1_163' title='bbox 594 2836 850 2935; x_wconf 84' lang='lat' dir='ltr'><strong>gratulatums,</strong></span> <span class='ocrx_word' id='word_1_164' title='bbox 889 2835 995 2933; x_wconf 83' lang='lat' dir='ltr'><strong>quod</strong></span> <span class='ocrx_word' id='word_1_165' title='bbox 1026 2835 1101 2933; x_wconf 89' lang='lat' dir='ltr'><strong>post</strong></span> <span class='ocrx_word' id='word_1_166' title='bbox 1137 2847 1280 2935; x_wconf 88' lang='lat' dir='ltr'><strong>partam</strong></span> <span class='ocrx_word' id='word_1_167' title='bbox 1314 2837 1480 2916; x_wconf 80' lang='lat' dir='ltr'><strong>adversus</strong></span> <span class='ocrx_word' id='word_1_168' title='bbox 1513 2839 1635 2914; x_wconf 85' lang='lat' dir='ltr'><strong>Danos</strong></span> <span class='ocrx_word' id='word_1_169' title='bbox 1667 2837 1865 2927; x_wconf 75' lang='lat' dir='ltr'><strong>victoriam,</strong></span> 
     </span>
     <span class='ocr_line' id='line_1_19' title="bbox 407 2965 1866 3070; baseline -0.001 -25"><span class='ocrx_word' id='word_1_170' title='bbox 407 2993 532 3066; x_wconf 89' lang='lat' dir='ltr'><strong>pacem</strong></span> <span class='ocrx_word' id='word_1_171' title='bbox 561 2993 643 3043; x_wconf 90' lang='lat' dir='ltr'><strong>cum</strong></span> <span class='ocrx_word' id='word_1_172' title='bbox 672 2967 788 3043; x_wconf 86' lang='lat' dir='ltr'><strong>Scotis</strong></span> <span class='ocrx_word' id='word_1_173' title='bbox 814 2991 856 3042; x_wconf 90' lang='lat' dir='ltr'><strong>ac</strong></span> <span class='ocrx_word' id='word_1_174' title='bbox 889 2965 1036 3042; x_wconf 84' lang='lat' dir='ltr'><strong>Francis</strong></span> <span class='ocrx_word' id='word_1_175' title='bbox 1064 2966 1209 3044; x_wconf 89' lang='lat' dir='ltr'><strong>inierit:</strong></span> <span class='ocrx_word' id='word_1_176' title='bbox 1242 2972 1289 3047; x_wconf 93' lang='lat' dir='ltr'><strong>oh</strong></span> <span class='ocrx_word' id='word_1_177' title='bbox 1318 2970 1487 3048; x_wconf 84' lang='lat' dir='ltr'><strong>eximiam</strong></span> <span class='ocrx_word' id='word_1_178' title='bbox 1515 2971 1592 3070; x_wconf 80' lang='lat' dir='ltr'><strong>ejus</strong></span> <span class='ocrx_word' id='word_1_179' title='bbox 1619 2970 1866 3056; x_wconf 84' lang='lat' dir='ltr'><strong>eruditionem,</strong></span> 
     </span>
     <span class='ocr_line' id='line_1_20' title="bbox 409 3098 1867 3202; baseline 0.002 -27"><span class='ocrx_word' id='word_1_180' title='bbox 409 3125 454 3175; x_wconf 85' lang='lat' dir='ltr'><strong>ex</strong></span> <span class='ocrx_word' id='word_1_181' title='bbox 489 3101 607 3200; x_wconf 87' lang='lat' dir='ltr'><strong>legato</strong></span> <span class='ocrx_word' id='word_1_182' title='bbox 643 3099 790 3175; x_wconf 80' lang='lat' dir='ltr'><strong>Alfredo</strong></span> <span class='ocrx_word' id='word_1_183' title='bbox 829 3099 945 3174; x_wconf 73' lang='lat' dir='ltr'><strong>facins</strong></span> <span class='ocrx_word' id='word_1_184' title='bbox 982 3098 1032 3173; x_wconf 86' lang='lat' dir='ltr'><strong>est</strong></span> <span class='ocrx_word' id='word_1_185' title='bbox 1066 3098 1200 3197; x_wconf 79' lang='lat' dir='ltr'><strong>hospes,</strong></span> <span class='ocrx_word' id='word_1_186' title='bbox 1229 3112 1267 3177; x_wconf 91' lang='lat' dir='ltr'><strong>et</strong></span> <span class='ocrx_word' id='word_1_187' title='bbox 1294 3112 1370 3178; x_wconf 92' lang='lat' dir='ltr'><strong>tam</strong></span> <span class='ocrx_word' id='word_1_188' title='bbox 1404 3101 1467 3179; x_wconf 85' lang='lat' dir='ltr'><strong>fibi</strong></span> <span class='ocrx_word' id='word_1_189' title='bbox 1503 3128 1610 3202; x_wconf 87' lang='lat' dir='ltr'><strong>quum</strong></span> <span class='ocrx_word' id='word_1_190' title='bbox 1639 3102 1709 3179; x_wconf 80' lang='lat' dir='ltr'><strong>snio</strong></span> <span class='ocrx_word' id='word_1_191' title='bbox 1744 3102 1867 3178; x_wconf 80' lang='lat' dir='ltr'><strong>liberis</strong></span> 
     </span>
     <span class='ocr_line' id='line_1_21' title="bbox 408 3229 1867 3331; baseline 0.001 -23"><span class='ocrx_word' id='word_1_192' title='bbox 408 3232 589 3309; x_wconf 83' lang='lat' dir='ltr'><strong>adhibitus</strong></span> <span class='ocrx_word' id='word_1_193' title='bbox 628 3242 847 3330; x_wconf 86' lang='lat' dir='ltr'><strong>praeceptor,</strong></span> <span class='ocrx_word' id='word_1_194' title='bbox 892 3241 939 3317; x_wconf 78' lang='lat' dir='ltr'><strong>et</strong></span> <span class='ocrx_word' id='word_1_195' title='bbox 977 3229 1052 3328; x_wconf 92' lang='lat' dir='ltr'><strong>ipso</strong></span> <span class='ocrx_word' id='word_1_196' title='bbox 1093 3255 1178 3329; x_wconf 89' lang='lat' dir='ltr'><strong>rege</strong></span> <span class='ocrx_word' id='word_1_197' title='bbox 1219 3233 1337 3331; x_wconf 84' lang='lat' dir='ltr'><strong>postea</strong></span> <span class='ocrx_word' id='word_1_198' title='bbox 1381 3234 1605 3322; x_wconf 81' lang='lat' dir='ltr'><strong>adhortante,</strong></span> <span class='ocrx_word' id='word_1_199' title='bbox 1651 3234 1747 3309; x_wconf 89' lang='lat' dir='ltr'><strong>inter</strong></span> <span class='ocrx_word' id='word_1_200' title='bbox 1792 3233 1867 3310; x_wconf 85' lang='lat' dir='ltr'><strong>otia</strong></span> 
     </span>
     <span class='ocr_line' id='line_1_22' title="bbox 409 3361 1867 3464; baseline 0.001 -24"><span class='ocrx_word' id='word_1_201' title='bbox 409 3365 567 3442; x_wconf 84' lang='lat' dir='ltr'><strong>literaria</strong></span> <span class='ocrx_word' id='word_1_202' title='bbox 596 3389 616 3440; x_wconf 85' lang='lat' dir='ltr'><strong>a</strong></span> <span class='ocrx_word' id='word_1_203' title='bbox 645 3364 783 3441; x_wconf 88' lang='lat' dir='ltr'><strong>Graeco</strong></span> <span class='ocrx_word' id='word_1_204' title='bbox 812 3361 991 3439; x_wconf 85' lang='lat' dir='ltr'><strong>transtulit</strong></span> <span class='ocrx_word' id='word_1_205' title='bbox 1018 3362 1056 3437; x_wconf 92' lang='lat' dir='ltr'><strong>in</strong></span> <span class='ocrx_word' id='word_1_206' title='bbox 1085 3373 1159 3438; x_wconf 87' lang='lat' dir='ltr'><strong>tres</strong></span> <span class='ocrx_word' id='word_1_207' title='bbox 1188 3364 1336 3464; x_wconf 70' lang='lat' dir='ltr'><strong>lingona</strong></span> <span class='ocrx_word' id='word_1_208' title='bbox 1367 3365 1498 3442; x_wconf 84' lang='lat' dir='ltr'><strong>scilicet</strong></span> <span class='ocrx_word' id='word_1_209' title='bbox 1527 3365 1765 3452; x_wconf 81' lang='lat' dir='ltr'><strong>Chaldaicum,</strong></span> <span class='ocrx_word' id='word_1_210' title='bbox 1797 3367 1867 3441; x_wconf 86' lang='lat' dir='ltr'><strong>Ar·</strong></span> 
     </span>
     <span class='ocr_line' id='line_1_23' title="bbox 408 3495 1867 3586; baseline -0.003 -12"><span class='ocrx_word' id='word_1_211' title='bbox 408 3500 556 3586; x_wconf 84' lang='lat' dir='ltr'><strong>abicam,</strong></span> <span class='ocrx_word' id='word_1_212' title='bbox 573 3507 612 3574; x_wconf 84' lang='lat' dir='ltr'><strong>et</strong></span> <span class='ocrx_word' id='word_1_213' title='bbox 628 3497 800 3584; x_wconf 87' lang='lat' dir='ltr'><strong>Latinam,</strong></span> <span class='ocrx_word' id='word_1_214' title='bbox 825 3496 1024 3572; x_wconf 86' lang='lat' dir='ltr'><strong>Aristotelis</strong></span> <span class='ocrx_word' id='word_1_215' title='bbox 1048 3495 1208 3584; x_wconf 69' lang='lat' dir='ltr'><strong>Moralia</strong></span> <span class='ocrx_word' id='word_1_216' title='bbox 1225 3497 1271 3571; x_wconf 88' lang='lat' dir='ltr'><strong>de</strong></span> <span class='ocrx_word' id='word_1_217' title='bbox 1293 3497 1447 3574; x_wconf 83' lang='lat' dir='ltr'><strong>Secretia</strong></span> <span class='ocrx_word' id='word_1_218' title='bbox 1472 3498 1708 3574; x_wconf 88' lang='lat' dir='ltr'><strong>Secretorum.</strong></span> <span class='ocrx_word' id='word_1_219' title='bbox 1761 3497 1867 3571; x_wconf 89' lang='lat' dir='ltr'><strong>Hunc</strong></span> 
     </span>
     <span class='ocr_line' id='line_1_24' title="bbox 410 3623 1865 3729; baseline -0.003 -23"><span class='ocrx_word' id='word_1_220' title='bbox 410 3629 596 3707; x_wconf 69' lang='lat' dir='ltr'><strong>doidorem</strong></span> <span class='ocrx_word' id='word_1_221' title='bbox 632 3655 697 3705; x_wconf 86' lang='lat' dir='ltr'><strong>rex</strong></span> <span class='ocrx_word' id='word_1_222' title='bbox 732 3628 912 3704; x_wconf 83' lang='lat' dir='ltr'><strong>Oxonium</strong></span> <span class='ocrx_word' id='word_1_223' title='bbox 944 3623 1045 3715; x_wconf 69' lang='lat' dir='ltr'><strong>nint,</strong></span> <span class='ocrx_word' id='word_1_224' title='bbox 1082 3624 1251 3728; x_wconf 88' lang='lat' dir='ltr'><strong>juffitque</strong></span> <span class='ocrx_word' id='word_1_225' title='bbox 1284 3640 1335 3716; x_wconf 80' lang='lat' dir='ltr'><strong>ut,</strong></span> <span class='ocrx_word' id='word_1_226' title='bbox 1369 3631 1551 3707; x_wconf 84' lang='lat' dir='ltr'><strong>academia</strong></span> <span class='ocrx_word' id='word_1_227' title='bbox 1583 3631 1661 3729; x_wconf 83' lang='lat' dir='ltr'><strong>jam</strong></span> <span class='ocrx_word' id='word_1_228' title='bbox 1693 3629 1865 3715; x_wconf 86' lang='lat' dir='ltr'><strong>restituta,</strong></span> 
     </span>
     <span class='ocr_line' id='line_1_25' title="bbox 411 3761 1870 3864; baseline 0.001 -26"><span class='ocrx_word' id='word_1_229' title='bbox 411 3764 572 3839; x_wconf 92' lang='lat' dir='ltr'><strong>omnium</strong></span> <span class='ocrx_word' id='word_1_230' title='bbox 600 3762 736 3862; x_wconf 81' lang='lat' dir='ltr'><strong>primus</strong></span> <span class='ocrx_word' id='word_1_231' title='bbox 764 3762 814 3837; x_wconf 94' lang='lat' dir='ltr'><strong>ibi</strong></span> <span class='ocrx_word' id='word_1_232' title='bbox 840 3763 953 3836; x_wconf 80' lang='lat' dir='ltr'><strong>bonas</strong></span> <span class='ocrx_word' id='word_1_233' title='bbox 984 3761 1107 3835; x_wconf 84' lang='lat' dir='ltr'><strong>literas</strong></span> <span class='ocrx_word' id='word_1_234' title='bbox 1139 3763 1280 3859; x_wconf 90' lang='lat' dir='ltr'><strong>publice</strong></span> <span class='ocrx_word' id='word_1_235' title='bbox 1314 3764 1469 3841; x_wconf 88' lang='lat' dir='ltr'><strong>doceret.</strong></span> <span class='ocrx_word' id='word_1_236' title='bbox 1531 3766 1754 3864; x_wconf 82' lang='lat' dir='ltr'><strong>Argumenta</strong></span> <span class='ocrx_word' id='word_1_237' title='bbox 1786 3763 1870 3839; x_wconf 89' lang='lat' dir='ltr'><strong>doc·</strong></span> 
     </span>
     <span class='ocr_line' id='line_1_26' title="bbox 411 3891 1331 3994; baseline -0.002 -22"><span class='ocrx_word' id='word_1_238' title='bbox 411 3898 526 3983; x_wconf 87' lang='lat' dir='ltr'><strong>trinae</strong></span> <span class='ocrx_word' id='word_1_239' title='bbox 543 3896 625 3971; x_wconf 81' lang='lat' dir='ltr'><strong>suaa</strong></span> <span class='ocrx_word' id='word_1_240' title='bbox 641 3894 730 3970; x_wconf 88' lang='lat' dir='ltr'><strong>haec</strong></span> <span class='ocrx_word' id='word_1_241' title='bbox 746 3894 870 3969; x_wconf 86' lang='lat' dir='ltr'><strong>saltem</strong></span> <span class='ocrx_word' id='word_1_242' title='bbox 887 3917 1001 3990; x_wconf 88' lang='lat' dir='ltr'><strong>pauca</strong></span> <span class='ocrx_word' id='word_1_243' title='bbox 1015 3892 1075 3968; x_wconf 93' lang='lat' dir='ltr'><strong>hic</strong></span> <span class='ocrx_word' id='word_1_244' title='bbox 1093 3891 1331 3994; x_wconf 85' lang='lat' dir='ltr'><strong>attingamus:</strong></span> 
     </span>
    </p>

    <p class='ocr_par' dir='ltr' id='par_1_3' title="bbox 562 4023 1334 4125">
     <span class='ocr_line' id='line_1_27' title="bbox 562 4023 1334 4125; baseline -0.004 -23"><span class='ocrx_word' id='word_1_245' title='bbox 562 4028 617 4102; x_wconf 90' lang='lat' dir='ltr'><strong>De</strong></span> <span class='ocrx_word' id='word_1_246' title='bbox 634 4026 791 4125; x_wconf 84' lang='lat' dir='ltr'><strong>Corpore</strong></span> <span class='ocrx_word' id='word_1_247' title='bbox 807 4035 844 4101; x_wconf 89' lang='lat' dir='ltr'><strong>et</strong></span> <span class='ocrx_word' id='word_1_248' title='bbox 862 4024 1043 4123; x_wconf 82' lang='lat' dir='ltr'><strong>Sanguine</strong></span> <span class='ocrx_word' id='word_1_249' title='bbox 1058 4023 1214 4114; x_wconf 90' lang='lat' dir='ltr'><strong>Domini,</strong></span> <span class='ocrx_word' id='word_1_250' title='bbox 1230 4027 1291 4102; x_wconf 94' lang='lat' dir='ltr'><strong>lib.</strong></span> <span class='ocrx_word' id='word_1_251' title='bbox 1309 4048 1334 4100; x_wconf 90' lang='lat'><strong>1.</strong></span> 
     </span>
    </p>

    <p class='ocr_par' dir='ltr' id='par_1_4' title="bbox 561 4158 1197 4258">
     <span class='ocr_line' id='line_1_28' title="bbox 561 4158 1197 4258; baseline -0.006 -22"><span class='ocrx_word' id='word_1_252' title='bbox 561 4159 745 4236; x_wconf 86' lang='lat' dir='ltr'><strong>Veriionea</strong></span> <span class='ocrx_word' id='word_1_253' title='bbox 760 4160 803 4235; x_wconf 95' lang='grc' dir='ltr'><strong>Β.</strong></span> <span class='ocrx_word' id='word_1_254' title='bbox 820 4158 987 4258; x_wconf 83' lang='lat' dir='ltr'><strong>Dionyiii,</strong></span> <span class='ocrx_word' id='word_1_255' title='bbox 1005 4159 1065 4234; x_wconf 88' lang='lat' dir='ltr'><strong>lib.</strong></span> <span class='ocrx_word' id='word_1_256' title='bbox 1083 4181 1108 4232; x_wconf 93' lang='lat'><strong>1.</strong></span> <span class='ocrx_word' id='word_1_257' title='bbox 1194 4208 1197 4212; x_wconf 14' lang='grc' dir='ltr'><strong>Α</strong></span> 
     </span>
    </p>

    <p class='ocr_par' dir='ltr' id='par_1_5' title="bbox 562 4290 1145 4377">
     <span class='ocr_line' id='line_1_29' title="bbox 562 4290 1145 4377; baseline -0.005 -11"><span class='ocrx_word' id='word_1_258' title='bbox 562 4292 606 4366; x_wconf 87' lang='grc' dir='ltr'><strong>Ιιι</strong></span> <span class='ocrx_word' id='word_1_259' title='bbox 623 4291 819 4368; x_wconf 84' lang='lat' dir='ltr'><strong>Aristotelis</strong></span> <span class='ocrx_word' id='word_1_260' title='bbox 834 4291 995 4377; x_wconf 86' lang='lat' dir='ltr'><strong>Moralia,</strong></span> <span class='ocrx_word' id='word_1_261' title='bbox 1012 4290 1074 4366; x_wconf 93' lang='lat' dir='ltr'><strong>lib.</strong></span> <span class='ocrx_word' id='word_1_262' title='bbox 1091 4311 1145 4364; x_wconf 86' lang='lat' dir='ltr'><strong>1x.</strong></span> 
     </span>
    </p>

    <p class='ocr_par' dir='ltr' id='par_1_6' title="bbox 563 4419 1326 4507">
     <span class='ocr_line' id='line_1_30' title="bbox 563 4419 1326 4507; baseline -0.008 -9"><span class='ocrx_word' id='word_1_263' title='bbox 563 4425 606 4498; x_wconf 89' lang='lat' dir='ltr'><strong>ln</strong></span> <span class='ocrx_word' id='word_1_264' title='bbox 624 4422 870 4498; x_wconf 90' lang='lat' dir='ltr'><strong>Hierarchiam</strong></span> <span class='ocrx_word' id='word_1_265' title='bbox 886 4419 1177 4507; x_wconf 86' lang='lat' dir='ltr'><strong>Commentarios,</strong></span> <span class='ocrx_word' id='word_1_266' title='bbox 1195 4421 1256 4497; x_wconf 91' lang='lat' dir='ltr'><strong>lih.</strong></span> <span class='ocrx_word' id='word_1_267' title='bbox 1274 4442 1326 4494; x_wconf 82' lang='lat' dir='ltr'><strong>IV.</strong></span> 
     </span>
    </p>

    <p class='ocr_par' dir='ltr' id='par_1_7' title="bbox 562 4551 1179 4654">
     <span class='ocr_line' id='line_1_31' title="bbox 562 4551 1179 4654; baseline -0.003 -26"><span class='ocrx_word' id='word_1_268' title='bbox 562 4556 605 4628; x_wconf 94' lang='lat' dir='ltr'><strong>In</strong></span> <span class='ocrx_word' id='word_1_269' title='bbox 620 4555 849 4654; x_wconf 84' lang='lat' dir='ltr'><strong>Theologiam</strong></span> <span class='ocrx_word' id='word_1_270' title='bbox 865 4552 1057 4652; x_wconf 79' lang='lat' dir='ltr'><strong>Mysticam,</strong></span> <span class='ocrx_word' id='word_1_271' title='bbox 1076 4551 1135 4626; x_wconf 93' lang='lat' dir='ltr'><strong>lib.</strong></span> <span class='ocrx_word' id='word_1_272' title='bbox 1154 4574 1179 4626; x_wconf 91' lang='lat'><strong>1.</strong></span> 
     </span>
    </p>

    <p class='ocr_par' dir='ltr' id='par_1_8' title="bbox 564 4684 1109 4786">
     <span class='ocr_line' id='line_1_32' title="bbox 564 4684 1109 4786; baseline -0.011 -23"><span class='ocrx_word' id='word_1_273' title='bbox 564 4688 847 4786; x_wconf 88' lang='lat' dir='ltr'><strong>Paraphrasticcs</strong></span> <span class='ocrx_word' id='word_1_274' title='bbox 862 4696 988 4772; x_wconf 89' lang='lat' dir='ltr'><strong>tomos,</strong></span> <span class='ocrx_word' id='word_1_275' title='bbox 1005 4684 1066 4759; x_wconf 92' lang='lat' dir='ltr'><strong>lib.</strong></span> <span class='ocrx_word' id='word_1_276' title='bbox 1084 4707 1109 4758; x_wconf 91' lang='lat'><strong>1.</strong></span> 
     </span>
    </p>

    <p class='ocr_par' dir='ltr' id='par_1_9' title="bbox 565 4813 1183 4917">
     <span class='ocr_line' id='line_1_33' title="bbox 565 4813 1183 4917; baseline -0.013 -22"><span class='ocrx_word' id='word_1_277' title='bbox 565 4816 743 4917; x_wconf 78' lang='lat' dir='ltr'><strong>Dogmata</strong></span> <span class='ocrx_word' id='word_1_278' title='bbox 759 4815 1061 4915; x_wconf 85' lang='lat' dir='ltr'><strong>Philosophorum,</strong></span> <span class='ocrx_word' id='word_1_279' title='bbox 1079 4813 1138 4889; x_wconf 93' lang='lat' dir='ltr'><strong>lih.</strong></span> <span class='ocrx_word' id='word_1_280' title='bbox 1157 4836 1183 4888; x_wconf 90' lang='lat'><strong>1.</strong></span> 
     </span>
    </p>
   </div>
   <div class='ocr_carea' id='block_1_3' title="bbox 0 0 2250 5956">
    <p class='ocr_par' dir='ltr' id='par_1_10' title="bbox 0 0 2250 5956">
     <span class='ocr_line' id='line_1_34' title="bbox 0 0 2250 5956; baseline 0 0"><span class='ocrx_word' id='word_1_281' title='bbox 0 0 2250 5956; x_wconf 95' lang='lat' dir='ltr'><strong> </strong></span> 
     </span>
    </p>
   </div>
  </div>
 </body>
</html>
