4448 5964
803 512 872 578 DE
896 513 1242 581 SCRIPTORIBUS
1266 515 1436 584 SCOTIS.

550 700 634 776 Vita
650 700 785 775 Mariae
803 703 1052 802 Aegyptiacae.

550 834 607 907 ad
624 832 819 909 Monachus
835 834 1015 910 Limenses
1032 834 1207 933 Epistulae
1224 835 1353 934 plures.

400 963 542 1064 Scripsit
564 966 673 1039 etiam
696 966 849 1042 diversas
874 968 920 1041 ad
947 966 1101 1041 diversos
1125 966 1305 1065 Epistulas,
1332 972 1521 1045 vorborum
1548 971 1727 1045 venustate
1754 994 1853 1069 egre-

396 1096 481 1195 gius,
506 1096 689 1171 sententiis
713 1097 829 1184 utiles,
856 1109 893 1172 et
917 1096 1173 1173 sententiarum
1195 1100 1372 1174 coloribus
1393 1102 1591 1188 adornatas,
1613 1101 1700 1176 teste
1724 1101 1852 1176 Hauri-

396 1252 438 1302 co
469 1230 514 1304 de
554 1229 734 1305 Gandavo.
795 1230 944 1316 Claruit,
974 1254 1020 1304 ex
1047 1229 1255 1328 Dempstero
1282 1241 1319 1304 et
1345 1231 1433 1319 aliia,
1463 1259 1557 1308 anno
1590 1232 1736 1308 Domini
1766 1236 1850 1317 400,

397 1358 459 1435 sub
475 1342 637 1461 Eugenio
654 1363 770 1460 primo
788 1363 978 1438 Scotorum
994 1387 1079 1461 rege
1095 1362 1191 1436 illius
1206 1363 1367 1438 nominis.

960 1658 1028 1733 DE
1065 1658 1286 1734 PELAGIO.

394 1889 595 1974 Panemo,
630 1887 818 1964 doctorum
853 1887 1013 1963 omnium
1055 1887 1228 1989 suffragio,
1271 1915 1317 1964 ex
1359 1890 1546 1966 Britannia
1587 1891 1768 1978 oriundus,
1801 1893 1847 1966 ab

394 2021 519 2120 anglis
544 2021 712 2120 rejicitur,
741 2031 913 2119 tanquam
943 2021 1137 2096 Britannus
1165 2021 1448 2121 septentrionalis
1476 2023 1578 2098 etin
1605 2023 1726 2098 Scotia
1754 2023 1848 2099 inter

393 2153 581 2252 Brigantes
607 2164 721 2239 natus,
749 2155 846 2253 quod
874 2154 984 2229 talem
1011 2153 1143 2229 scilicet
1167 2162 1379 2252 tantumque
1407 2153 1627 2230 haereticum
1649 2155 1688 2228 in
1717 2154 1848 2253 anglia

392 2297 515 2362 uatum
556 2269 626 2361 effe
667 2285 813 2360 minime
847 2286 1035 2363 voluerint.
1100 2283 1174 2360 Alii
1207 2285 1317 2360 etiam
1349 2285 1537 2386 scriptores
1578 2310 1662 2360 enm
1700 2287 1846 2362 Scotum

390 2419 642 2516 potiusquam
671 2418 828 2516 Anglum
858 2414 926 2492 else
955 2417 1165 2504 existimant,
1193 2442 1260 2517 pro
1288 2416 1394 2517 ipsius
1423 2416 1557 2517 ingenii
1585 2417 1779 2493 subtilitate
1810 2428 1847 2493 et

390 2552 553 2627 dostrina
574 2549 699 2650 insigni
721 2577 792 2649 qua
817 2550 985 2650 pollebat.
1036 2550 1227 2626 Caeterum
1252 2550 1437 2625 intrudant
1463 2574 1548 2625 cum
1571 2549 1668 2625 iuter
1688 2550 1846 2637 nostros3

390 2684 663 2758 condemnamus
692 2682 796 2782 ipsrus
826 2707 964 2758 errores
993 2693 1031 2756 et
1059 2681 1230 2768 haereses,
1262 2683 1550 2757 commendamus
1582 2693 1704 2756 tamen
1736 2681 1846 2781 pluri-

389 2842 487 2892 mum
513 2816 681 2892 eximiam
709 2816 785 2914 ejus
810 2815 1056 2901 eruditionem,
1082 2839 1190 2912 quam
1214 2813 1415 2889 luculenter
1438 2813 1521 2889 satis
1550 2814 1588 2887 in
1620 2838 1694 2888 non
1722 2813 1844 2911 paucis

389 2949 463 3047 ejus
482 2948 619 3047 scriptis
640 2947 798 3023 ostendit.
843 2947 921 3021 Hoc
944 2947 977 3022 ei
1000 2971 1073 3020 non
1093 2946 1230 3044 patriae
1250 2956 1314 3021 aut
1336 2946 1500 3044 patriotis
1524 2945 1611 3020 vitio
1634 2946 1844 3021 vertendum

388 3082 445 3168 est,
471 3106 554 3155 cum
583 3081 644 3154 alii
673 3080 852 3155 variarum
880 3079 1042 3177 gentium
1065 3078 1133 3152 viri
1162 3079 1260 3154 docti
1289 3089 1372 3154 ante
1402 3103 1445 3153 ea
1479 3079 1589 3153 etiam
1615 3088 1779 3177 tempora
1806 3079 1843 3153 iu

387 3214 567 3313 primitiva
583 3211 725 3287 ecclesra
741 3211 937 3297 extiterint
955 3234 1044 3308 quos
1064 3212 1152 3284 haec
1173 3210 1250 3285 lues
1271 3207 1404 3296 invafit,
1421 3209 1476 3284 uti
1498 3209 1746 3296 Tertullianus,
1767 3210 1844 3285 alii·-

387 3370 455 3443 que
481 3354 611 3443 patres,
634 3343 731 3442 quod
759 3342 932 3417 testantur
962 3342 1167 3427 Bainoldus,
1200 3342 1456 3428 Whittakerus,
1485 3351 1552 3417 etc.
1603 3341 1693 3416 Erat
1722 3353 1843 3417 autem

386 3476 662 3552 Christianorum
689 3475 877 3548 Scotorum
901 3474 1114 3574 scriptorum
1140 3472 1326 3548 illustrium
1355 3473 1504 3572 scriptor
1530 3473 1693 3559 illustris;
1719 3473 1843 3548 famati

385 3609 478 3685 illius
511 3607 660 3706 Collegii
689 3603 977 3692 Banochorenfis,
1011 3607 1057 3680 ab
1090 3605 1203 3680 altera
1231 3606 1413 3704 legionum
1438 3608 1537 3691 urbe,
1571 3630 1666 3679 nunc
1700 3606 1840 3692 Cellria,

386 3765 457 3814 non
472 3739 606 3840 procul,
628 3735 854 3837 praepositus,
871 3737 909 3811 iu
935 3761 1007 3836 quo
1029 3736 1306 3812 Christianomm
1328 3737 1616 3836 philosophorum
1637 3739 1709 3815 duo
1730 3738 1842 3815 millia

383 3896 425 3947 ac
457 3882 601 3947 centum
635 3871 681 3945 ad
713 3869 827 3969 plebis
859 3869 898 3943 in
931 3867 1068 3944 Christo
1105 3869 1393 3944 commoditatem
1427 3869 1639 3954 militabant,
1670 3894 1840 3945 manuum

384 4004 524 4079 suarum
552 4003 742 4088 laboribus
766 4002 874 4098 juxta
902 4000 1005 4076 Pauli
1035 4001 1246 4086 doctrinam,
1275 4001 1481 4077 vietitantes
1509 4003 1584 4099 post
1615 4001 1746 4077 multos
1774 4027 1840 4102 pro

382 4161 489 4237 grege
506 4135 634 4210 Christi
651 4134 813 4220 sudores;
839 4134 894 4208 vir
910 4131 1094 4233 utriusque
1118 4132 1270 4232 linguae,
1293 4133 1451 4209 Graecae
1473 4145 1510 4208 et
1532 4121 1689 4220 Latinae,
1706 4160 1840 4234 gnarus

382 4269 582 4353 admodum
600 4276 638 4341 et
654 4266 751 4341 omni
772 4265 918 4340 scicntia
936 4264 1205 4340 cumulatissime
1224 4266 1425 4342 instrudtus.
1461 4265 1722 4340 Nonnullorum
1738 4267 1840 4342 cleri-

383 4424 505 4475 corum
530 4395 704 4474 lacessitus
728 4397 873 4495 injuriis,
901 4399 991 4473 adeo
1015 4396 1191 4497 gravatim
1215 4396 1309 4482 tulit,
1335 4407 1377 4471 ut
1401 4397 1545 4470 tandem
1568 4421 1591 4470 a
1614 4397 1684 4470 fide
1707 4396 1839 4472 Catho-

382 4531 451 4606 lica
482 4531 521 4604 in
554 4530 732 4605 nonnullis
761 4528 843 4602 fidei
874 4529 1032 4602 articulis
1061 4527 1239 4603 defecerit.
1298 4526 1527 4601 Postmodum
1559 4526 1598 4599 in
1628 4526 1837 4614 Gallinam

381 4661 578 4748 Graeciam,
612 4665 825 4761 Aegyptum,
856 4672 893 4735 et
920 4661 1059 4759 Syriam
1089 4660 1123 4735 se
1153 4657 1313 4743 contulit,
1344 4655 1526 4755 variasque
1562 4657 1650 4732 alias
1681 4658 1838 4734 Orientis

381 4804 519 4891 partes3
544 4794 604 4867 ubi
626 4818 671 4866 ex
697 4817 820 4867 carum
843 4790 998 4889 partium
1022 4791 1196 4866 monacho
1219 4787 1358 4887 praesul
1380 4788 1573 4874 ordinatus,
1597 4789 1836 4867 detestabilem

1416 4908 1440 4960 s

1635 5368 1881 5614 Δ

1627 5596 1635 5613 l.
