<?xml version="1.0" encoding="UTF-8"?>
<!DOCTYPE html PUBLIC "-//W3C//DTD XHTML 1.0 Transitional//EN"
    "http://www.w3.org/TR/xhtml1/DTD/xhtml1-transitional.dtd">
<html xmlns="http://www.w3.org/1999/xhtml" xml:lang="en" lang="en">
 <head>
  <title>
</title>
<meta http-equiv="Content-Type" content="text/html;charset=utf-8" />
  <meta name='ocr-system' content='tesseract 3.04.00' />
  <meta name='ocr-capabilities' content='ocr_page ocr_carea ocr_par ocr_line ocrx_word'/>
</head>
<body>
  <div class='ocr_page' id='page_1' title='image "./davidisbuchanan00irvigoog_0076.png"; bbox 0 0 4470 5962; ppageno 0'>
   <div class='ocr_carea' id='block_1_1' title="bbox 373 512 1449 584">
    <p class='ocr_par' dir='ltr' id='par_1_1' title="bbox 373 512 1449 584">
     <span class='ocr_line' id='line_1_1' title="bbox 373 512 1449 584; baseline -0.005 -1"><span class='ocrx_word' id='word_1_1' title='bbox 373 517 417 583; x_wconf 83' lang='grc'>56</span> <span class='ocrx_word' id='word_1_2' title='bbox 786 517 851 580; x_wconf 80' lang='lat' dir='ltr'>DE</span> <span class='ocrx_word' id='word_1_3' title='bbox 884 515 1173 584; x_wconf 85' lang='lat' dir='ltr'>SCRIPTORIB</span> <span class='ocrx_word' id='word_1_4' title='bbox 1185 514 1245 581; x_wconf 84' lang='lat' dir='ltr'>Us</span> <span class='ocrx_word' id='word_1_5' title='bbox 1277 512 1449 580; x_wconf 85' lang='lat' dir='ltr'><strong>SCOTIS.</strong></span> 
     </span>
    </p>
   </div>
   <div class='ocr_carea' id='block_1_2' title="bbox 375 701 1832 1197">
    <p class='ocr_par' dir='ltr' id='par_1_2' title="bbox 522 701 951 802">
     <span class='ocr_line' id='line_1_2' title="bbox 522 701 951 802; baseline 0.002 -26"><span class='ocrx_word' id='word_1_6' title='bbox 522 704 577 777; x_wconf 92' lang='lat' dir='ltr'>De</span> <span class='ocrx_word' id='word_1_7' title='bbox 593 701 764 779; x_wconf 86' lang='lat' dir='ltr'>Paschate</span> <span class='ocrx_word' id='word_1_8' title='bbox 781 703 951 802; x_wconf 85' lang='lat' dir='ltr'>legitimo.</span> 
     </span>
    </p>

    <p class='ocr_par' dir='ltr' id='par_1_3' title="bbox 375 833 1832 1197">
     <span class='ocr_line' id='line_1_3' title="bbox 523 833 1141 933; baseline 0.006 -26"><span class='ocrx_word' id='word_1_9' title='bbox 523 833 695 933; x_wconf 89' lang='lat' dir='ltr'>Epistolas</span> <span class='ocrx_word' id='word_1_10' title='bbox 711 859 853 933; x_wconf 92' lang='lat' dir='ltr'>quoque</span> <span class='ocrx_word' id='word_1_11' title='bbox 870 834 990 921; x_wconf 91' lang='lat' dir='ltr'>edidit,</span> <span class='ocrx_word' id='word_1_12' title='bbox 1008 846 1045 910; x_wconf 89' lang='lat' dir='ltr'>et</span> <span class='ocrx_word' id='word_1_13' title='bbox 1062 837 1141 911; x_wconf 86' lang='lat' dir='ltr'>alia</span> 
     </span>
     <span class='ocr_line' id='line_1_4' title="bbox 376 965 1832 1065; baseline -0.001 -25"><span class='ocrx_word' id='word_1_14' title='bbox 376 965 591 1065; x_wconf 78' lang='lat' dir='ltr'><strong>Martyrium</strong></span> <span class='ocrx_word' id='word_1_15' title='bbox 620 990 702 1040; x_wconf 92' lang='lat' dir='ltr'>cum</span> <span class='ocrx_word' id='word_1_16' title='bbox 731 966 832 1042; x_wconf 88' lang='lat' dir='ltr'>sociis</span> <span class='ocrx_word' id='word_1_17' title='bbox 857 965 974 1064; x_wconf 84' lang='lat' dir='ltr'>pulsus</span> <span class='ocrx_word' id='word_1_18' title='bbox 1003 968 1051 1042; x_wconf 87' lang='lat' dir='ltr'>est</span> <span class='ocrx_word' id='word_1_19' title='bbox 1076 993 1171 1043; x_wconf 91' lang='lat' dir='ltr'>anno</span> <span class='ocrx_word' id='word_1_20' title='bbox 1199 968 1377 1042; x_wconf 79' lang='lat' dir='ltr'><strong>humanae</strong></span> <span class='ocrx_word' id='word_1_21' title='bbox 1403 965 1523 1041; x_wconf 86' lang='lat' dir='ltr'>salutis</span> <span class='ocrx_word' id='word_1_22' title='bbox 1549 968 1633 1050; x_wconf 88' lang='grc'><strong>689,</strong></span> <span class='ocrx_word' id='word_1_23' title='bbox 1660 974 1832 1062; x_wconf 76' lang='lat' dir='ltr'>regnante</span> 
     </span>
     <span class='ocr_line' id='line_1_5' title="bbox 375 1098 673 1197; baseline -0.003 -25"><span class='ocrx_word' id='word_1_24' title='bbox 375 1098 536 1197; x_wconf 83' lang='lat' dir='ltr'>Eugenio</span> <span class='ocrx_word' id='word_1_25' title='bbox 554 1098 673 1174; x_wconf 79' lang='lat' dir='ltr'>Sexto.</span> 
     </span>
    </p>
   </div>
   <div class='ocr_carea' id='block_1_3' title="bbox 792 1394 1409 1472">
    <p class='ocr_par' dir='ltr' id='par_1_4' title="bbox 792 1394 1409 1472">
     <span class='ocr_line' id='line_1_6' title="bbox 792 1394 1409 1472; baseline -0.002 -3"><span class='ocrx_word' id='word_1_26' title='bbox 792 1396 858 1469; x_wconf 91' lang='lat' dir='ltr'>DE</span> <span class='ocrx_word' id='word_1_27' title='bbox 884 1394 1162 1471; x_wconf 84' lang='lat' dir='ltr'><strong>ADAMANNO</strong></span> <span class='ocrx_word' id='word_1_28' title='bbox 1187 1395 1409 1472; x_wconf 82' lang='lat' dir='ltr'><strong>COLUDIO.</strong></span> 
     </span>
    </p>
   </div>
   <div class='ocr_carea' id='block_1_4' title="bbox 375 1626 1831 1855">
    <p class='ocr_par' dir='ltr' id='par_1_5' title="bbox 375 1626 1831 1855">
     <span class='ocr_line' id='line_1_7' title="bbox 378 1626 1831 1727; baseline -0.001 -26"><span class='ocrx_word' id='word_1_29' title='bbox 378 1630 626 1703; x_wconf 73' lang='lat' dir='ltr'>lammam</span> <span class='ocrx_word' id='word_1_30' title='bbox 653 1628 855 1713; x_wconf 72' lang='lat' dir='ltr'>Conamen,</span> <span class='ocrx_word' id='word_1_31' title='bbox 883 1628 1027 1702; x_wconf 88' lang='lat' dir='ltr'>natione</span> <span class='ocrx_word' id='word_1_32' title='bbox 1053 1629 1190 1714; x_wconf 71' lang='lat' dir='ltr'>Scotus</span> <span class='ocrx_word' id='word_1_33' title='bbox 1220 1626 1403 1727; x_wconf 78' lang='lat' dir='ltr'>presbyter</span> <span class='ocrx_word' id='word_1_34' title='bbox 1426 1635 1464 1700; x_wconf 91' lang='lat' dir='ltr'>et</span> <span class='ocrx_word' id='word_1_35' title='bbox 1493 1626 1602 1700; x_wconf 87' lang='lat' dir='ltr'>abbas</span> <span class='ocrx_word' id='word_1_36' title='bbox 1631 1628 1831 1702; x_wconf 87' lang='lat' dir='ltr'>monasterii</span> 
     </span>
     <span class='ocr_line' id='line_1_8' title="bbox 375 1755 1831 1855; baseline 0.003 -25"><span class='ocrx_word' id='word_1_37' title='bbox 375 1755 534 1843; x_wconf 84' lang='lat' dir='ltr'>Huenfis,</span> <span class='ocrx_word' id='word_1_38' title='bbox 565 1758 661 1855; x_wconf 93' lang='lat' dir='ltr'>quod</span> <span class='ocrx_word' id='word_1_39' title='bbox 691 1758 727 1832; x_wconf 91' lang='lat' dir='ltr'>S.</span> <span class='ocrx_word' id='word_1_40' title='bbox 761 1757 1002 1832; x_wconf 88' lang='lat' dir='ltr'>Columbanus</span> <span class='ocrx_word' id='word_1_41' title='bbox 1036 1759 1216 1855; x_wconf 90' lang='lat' dir='ltr'>quondam</span> <span class='ocrx_word' id='word_1_42' title='bbox 1248 1757 1442 1832; x_wconf 85' lang='lat' dir='ltr'>construxit</span> <span class='ocrx_word' id='word_1_43' title='bbox 1471 1757 1509 1830; x_wconf 94' lang='lat' dir='ltr'>in</span> <span class='ocrx_word' id='word_1_44' title='bbox 1538 1755 1652 1833; x_wconf 90' lang='lat' dir='ltr'>insula</span> <span class='ocrx_word' id='word_1_45' title='bbox 1680 1759 1831 1844; x_wconf 79' lang='lat' dir='ltr'>Scotiae</span> 
     </span>
    </p>
   </div>
   <div class='ocr_carea' id='block_1_5' title="bbox 370 1887 1906 3969">
    <p class='ocr_par' dir='ltr' id='par_1_6' title="bbox 370 1887 1906 3969">
     <span class='ocr_line' id='line_1_9' title="bbox 375 1887 1830 1989; baseline 0.001 -27"><span class='ocrx_word' id='word_1_46' title='bbox 375 1888 658 1988; x_wconf 84' lang='lat' dir='ltr'>congregationis</span> <span class='ocrx_word' id='word_1_47' title='bbox 697 1887 973 1963; x_wconf 85' lang='lat' dir='ltr'>Banoehorenfis</span> <span class='ocrx_word' id='word_1_48' title='bbox 1007 1892 1202 1965; x_wconf 85' lang='lat' dir='ltr'>monachus</span> <span class='ocrx_word' id='word_1_49' title='bbox 1238 1889 1372 1964; x_wconf 87' lang='lat' dir='ltr'>ordinis</span> <span class='ocrx_word' id='word_1_50' title='bbox 1407 1890 1595 1989; x_wconf 85' lang='lat' dir='ltr'>apostolici,</span> <span class='ocrx_word' id='word_1_51' title='bbox 1631 1892 1830 1967; x_wconf 87' lang='lat' dir='ltr'>monallerii</span> 
     </span>
     <span class='ocr_line' id='line_1_10' title="bbox 374 2019 1831 2119; baseline 0.003 -26"><span class='ocrx_word' id='word_1_52' title='bbox 374 2019 706 2107; x_wconf 67' lang='lat' dir='ltr'>sanetimonialium,</span> <span class='ocrx_word' id='word_1_53' title='bbox 741 2032 781 2095; x_wconf 93' lang='lat' dir='ltr'>ut</span> <span class='ocrx_word' id='word_1_54' title='bbox 815 2020 924 2095; x_wconf 88' lang='lat' dir='ltr'>habet</span> <span class='ocrx_word' id='word_1_55' title='bbox 959 2021 1183 2107; x_wconf 83' lang='lat' dir='ltr'>Trithemius,</span> <span class='ocrx_word' id='word_1_56' title='bbox 1216 2021 1255 2095; x_wconf 91' lang='lat' dir='ltr'>in</span> <span class='ocrx_word' id='word_1_57' title='bbox 1287 2021 1427 2119; x_wconf 86' lang='lat' dir='ltr'>Anglia,</span> <span class='ocrx_word' id='word_1_58' title='bbox 1463 2021 1558 2119; x_wconf 90' lang='lat' dir='ltr'>quod</span> <span class='ocrx_word' id='word_1_59' title='bbox 1591 2022 1717 2098; x_wconf 86' lang='lat' dir='ltr'>Colodi</span> <span class='ocrx_word' id='word_1_60' title='bbox 1745 2025 1831 2097; x_wconf 88' lang='lat' dir='ltr'>urbs</span> 
     </span>
     <span class='ocr_line' id='line_1_11' title="bbox 374 2152 1831 2255; baseline 0.003 -29"><span class='ocrx_word' id='word_1_61' title='bbox 374 2153 513 2239; x_wconf 86' lang='lat' dir='ltr'>dieitur,</span> <span class='ocrx_word' id='word_1_62' title='bbox 541 2152 778 2252; x_wconf 57' lang='lat' dir='ltr'>praepositum</span> <span class='ocrx_word' id='word_1_63' title='bbox 801 2154 893 2228; x_wconf 91' lang='lat' dir='ltr'>alter</span> <span class='ocrx_word' id='word_1_64' title='bbox 918 2155 964 2228; x_wconf 88' lang='lat' dir='ltr'>ab</span> <span class='ocrx_word' id='word_1_65' title='bbox 987 2155 1198 2229; x_wconf 84' lang='lat' dir='ltr'>Adamnano</span> <span class='ocrx_word' id='word_1_66' title='bbox 1223 2153 1284 2252; x_wconf 93' lang='lat' dir='ltr'>qui</span> <span class='ocrx_word' id='word_1_67' title='bbox 1310 2153 1532 2251; x_wconf 87' lang='lat' dir='ltr'>Ferquhardi</span> <span class='ocrx_word' id='word_1_68' title='bbox 1559 2154 1713 2230; x_wconf 85' lang='lat' dir='ltr'>Secundi</span> <span class='ocrx_word' id='word_1_69' title='bbox 1737 2156 1831 2255; x_wconf 79' lang='lat' dir='ltr'>regis</span> 
     </span>
     <span class='ocr_line' id='line_1_12' title="bbox 373 2284 1831 2384; baseline 0.003 -26"><span class='ocrx_word' id='word_1_70' title='bbox 373 2285 564 2372; x_wconf 84' lang='lat' dir='ltr'>familiaris,</span> <span class='ocrx_word' id='word_1_71' title='bbox 587 2286 739 2384; x_wconf 82' lang='lat' dir='ltr'>Eugenli</span> <span class='ocrx_word' id='word_1_72' title='bbox 762 2285 863 2361; x_wconf 83' lang='lat' dir='ltr'><strong>Sexti</strong></span> <span class='ocrx_word' id='word_1_73' title='bbox 885 2284 979 2384; x_wconf 84' lang='lat' dir='ltr'>regis</span> <span class='ocrx_word' id='word_1_74' title='bbox 1005 2298 1224 2384; x_wconf 88' lang='lat' dir='ltr'>praeceptor,</span> <span class='ocrx_word' id='word_1_75' title='bbox 1247 2286 1382 2360; x_wconf 88' lang='lat' dir='ltr'>amicus</span> <span class='ocrx_word' id='word_1_76' title='bbox 1401 2286 1545 2373; x_wconf 87' lang='lat' dir='ltr'>Brudei,</span> <span class='ocrx_word' id='word_1_77' title='bbox 1566 2287 1752 2362; x_wconf 73' lang='lat' dir='ltr'>Pistorum</span> <span class='ocrx_word' id='word_1_78' title='bbox 1774 2313 1831 2363; x_wconf 86' lang='lat' dir='ltr'>rc-</span> 
     </span>
     <span class='ocr_line' id='line_1_13' title="bbox 373 2416 1830 2517; baseline 0.002 -25"><span class='ocrx_word' id='word_1_79' title='bbox 373 2417 437 2514; x_wconf 81' lang='lat' dir='ltr'>gie,</span> <span class='ocrx_word' id='word_1_80' title='bbox 461 2416 573 2492; x_wconf 84' lang='lat' dir='ltr'>socius</span> <span class='ocrx_word' id='word_1_81' title='bbox 593 2417 629 2492; x_wconf 89' lang='lat' dir='ltr'>S.</span> <span class='ocrx_word' id='word_1_82' title='bbox 655 2418 867 2504; x_wconf 79' lang='lat' dir='ltr'>Cuthberti3</span> <span class='ocrx_word' id='word_1_83' title='bbox 894 2418 993 2517; x_wconf 83' lang='lat' dir='ltr'>cujus</span> <span class='ocrx_word' id='word_1_84' title='bbox 1017 2416 1135 2493; x_wconf 87' lang='lat' dir='ltr'>sacrae</span> <span class='ocrx_word' id='word_1_85' title='bbox 1161 2417 1332 2515; x_wconf 79' lang='lat' dir='ltr'>reliquiae</span> <span class='ocrx_word' id='word_1_86' title='bbox 1357 2417 1395 2491; x_wconf 95' lang='lat' dir='ltr'>in</span> <span class='ocrx_word' id='word_1_87' title='bbox 1418 2417 1579 2492; x_wconf 85' lang='lat' dir='ltr'>Moravia</span> <span class='ocrx_word' id='word_1_88' title='bbox 1609 2416 1830 2495; x_wconf 86' lang='lat' dir='ltr'>alservaban·</span> 
     </span>
     <span class='ocr_line' id='line_1_14' title="bbox 373 2550 1830 2652; baseline 0.003 -29"><span class='ocrx_word' id='word_1_89' title='bbox 373 2561 443 2623; x_wconf 91' lang='lat' dir='ltr'>tur.</span> <span class='ocrx_word' id='word_1_90' title='bbox 499 2550 570 2625; x_wconf 88' lang='lat' dir='ltr'>Sed</span> <span class='ocrx_word' id='word_1_91' title='bbox 595 2551 654 2626; x_wconf 93' lang='lat' dir='ltr'>hic</span> <span class='ocrx_word' id='word_1_92' title='bbox 678 2553 867 2628; x_wconf 88' lang='lat' dir='ltr'>Scotorum</span> <span class='ocrx_word' id='word_1_93' title='bbox 889 2552 1070 2652; x_wconf 88' lang='lat' dir='ltr'>episeopus</span> <span class='ocrx_word' id='word_1_94' title='bbox 1095 2562 1132 2626; x_wconf 89' lang='lat' dir='ltr'>et</span> <span class='ocrx_word' id='word_1_95' title='bbox 1157 2550 1435 2626; x_wconf 86' lang='lat' dir='ltr'>Northumbriae</span> <span class='ocrx_word' id='word_1_96' title='bbox 1460 2551 1634 2649; x_wconf 85' lang='lat' dir='ltr'>apostolus</span> <span class='ocrx_word' id='word_1_97' title='bbox 1654 2577 1677 2626; x_wconf 90' lang='lat' dir='ltr'>a</span> <span class='ocrx_word' id='word_1_98' title='bbox 1696 2554 1830 2628; x_wconf 83' lang='lat' dir='ltr'>teneris</span> 
     </span>
     <span class='ocr_line' id='line_1_15' title="bbox 372 2681 1829 2783; baseline 0.003 -28"><span class='ocrx_word' id='word_1_99' title='bbox 372 2681 474 2756; x_wconf 90' lang='lat' dir='ltr'>annis</span> <span class='ocrx_word' id='word_1_100' title='bbox 507 2683 636 2757; x_wconf 85' lang='lat' dir='ltr'>bonam</span> <span class='ocrx_word' id='word_1_101' title='bbox 665 2683 830 2770; x_wconf 89' lang='lat' dir='ltr'>indolem,</span> <span class='ocrx_word' id='word_1_102' title='bbox 862 2693 900 2759; x_wconf 91' lang='lat' dir='ltr'>et</span> <span class='ocrx_word' id='word_1_103' title='bbox 928 2683 1110 2783; x_wconf 84' lang='lat' dir='ltr'>ingenium</span> <span class='ocrx_word' id='word_1_104' title='bbox 1137 2684 1183 2758; x_wconf 92' lang='lat' dir='ltr'>ad</span> <span class='ocrx_word' id='word_1_105' title='bbox 1215 2683 1387 2783; x_wconf 90' lang='lat' dir='ltr'>pietatem</span> <span class='ocrx_word' id='word_1_106' title='bbox 1414 2681 1592 2780; x_wconf 84' lang='lat' dir='ltr'>bonasque</span> <span class='ocrx_word' id='word_1_107' title='bbox 1620 2683 1733 2758; x_wconf 87' lang='lat' dir='ltr'>literis</span> <span class='ocrx_word' id='word_1_108' title='bbox 1765 2708 1829 2783; x_wconf 91' lang='lat' dir='ltr'>op·</span> 
     </span>
     <span class='ocr_line' id='line_1_16' title="bbox 371 2813 1829 2914; baseline 0.004 -27"><span class='ocrx_word' id='word_1_109' title='bbox 371 2814 460 2889; x_wconf 89' lang='lat' dir='ltr'>time</span> <span class='ocrx_word' id='word_1_110' title='bbox 497 2815 699 2902; x_wconf 86' lang='lat' dir='ltr'>formatum,</span> <span class='ocrx_word' id='word_1_111' title='bbox 742 2817 901 2891; x_wconf 87' lang='lat' dir='ltr'>ostendit.</span> <span class='ocrx_word' id='word_1_112' title='bbox 972 2816 1062 2891; x_wconf 87' lang='lat' dir='ltr'>Erat</span> <span class='ocrx_word' id='word_1_113' title='bbox 1095 2815 1258 2890; x_wconf 83' lang='lat' dir='ltr'>acumine</span> <span class='ocrx_word' id='word_1_114' title='bbox 1294 2813 1440 2900; x_wconf 75' lang='lat' dir='ltr'>subtilia</span> <span class='ocrx_word' id='word_1_115' title='bbox 1477 2816 1636 2890; x_wconf 88' lang='lat' dir='ltr'>moribus</span> <span class='ocrx_word' id='word_1_116' title='bbox 1670 2816 1829 2914; x_wconf 86' lang='lat' dir='ltr'>antiquis</span> 
     </span>
     <span class='ocr_line' id='line_1_17' title="bbox 371 2944 1828 3047; baseline 0.001 -26"><span class='ocrx_word' id='word_1_117' title='bbox 371 2946 524 3036; x_wconf 83' lang='lat' dir='ltr'>illustris,</span> <span class='ocrx_word' id='word_1_118' title='bbox 541 2972 584 3023; x_wconf 80' lang='lat' dir='ltr'>aa</span> <span class='ocrx_word' id='word_1_119' title='bbox 599 2949 771 3024; x_wconf 87' lang='lat' dir='ltr'>orationis</span> <span class='ocrx_word' id='word_1_120' title='bbox 788 2948 958 3024; x_wconf 86' lang='lat' dir='ltr'>suavitate</span> <span class='ocrx_word' id='word_1_121' title='bbox 975 2946 1190 3047; x_wconf 81' lang='lat' dir='ltr'>perinsignis</span> <span class='ocrx_word' id='word_1_122' title='bbox 1234 2957 1254 2987; x_wconf 80' lang='lat'>‘⁶</span> <span class='ocrx_word' id='word_1_123' title='bbox 1267 2944 1361 3031; x_wconf 91' lang='lat' dir='ltr'>Vir‚&#39;’</span> <span class='ocrx_word' id='word_1_124' title='bbox 1376 2944 1496 3043; x_wconf 92' lang='lat' dir='ltr'>inquit</span> <span class='ocrx_word' id='word_1_125' title='bbox 1512 2945 1737 3033; x_wconf 85' lang='lat' dir='ltr'>Trithemius,</span> <span class='ocrx_word' id='word_1_126' title='bbox 1760 2950 1828 3023; x_wconf 89' lang='lat' dir='ltr'>“in</span> 
     </span>
     <span class='ocr_line' id='line_1_18' title="bbox 371 3075 1829 3177; baseline 0.002 -24"><span class='ocrx_word' id='word_1_127' title='bbox 371 3076 499 3153; x_wconf 80' lang='lat' dir='ltr'>divinis</span> <span class='ocrx_word' id='word_1_128' title='bbox 522 3078 715 3177; x_wconf 85' lang='lat' dir='ltr'>Scripturis</span> <span class='ocrx_word' id='word_1_129' title='bbox 738 3080 842 3155; x_wconf 87' lang='lat' dir='ltr'>valde</span> <span class='ocrx_word' id='word_1_130' title='bbox 869 3079 1038 3154; x_wconf 88' lang='lat' dir='ltr'>studiosus</span> <span class='ocrx_word' id='word_1_131' title='bbox 1064 3088 1102 3153; x_wconf 91' lang='lat' dir='ltr'>et</span> <span class='ocrx_word' id='word_1_132' title='bbox 1129 3075 1299 3162; x_wconf 90' lang='lat' dir='ltr'>eruditus,</span> <span class='ocrx_word' id='word_1_133' title='bbox 1325 3075 1535 3150; x_wconf 82' lang='lat' dir='ltr'>secularium</span> <span class='ocrx_word' id='word_1_134' title='bbox 1562 3103 1703 3176; x_wconf 91' lang='lat' dir='ltr'>quoque</span> <span class='ocrx_word' id='word_1_135' title='bbox 1730 3079 1829 3156; x_wconf 86' lang='lat' dir='ltr'>liter-</span> 
     </span>
     <span class='ocr_line' id='line_1_19' title="bbox 371 3208 1828 3310; baseline 0.003 -24"><span class='ocrx_word' id='word_1_136' title='bbox 371 3234 474 3286; x_wconf 86' lang='lat' dir='ltr'>arum</span> <span class='ocrx_word' id='word_1_137' title='bbox 503 3236 576 3286; x_wconf 93' lang='lat' dir='ltr'>non</span> <span class='ocrx_word' id='word_1_138' title='bbox 604 3211 757 3310; x_wconf 75' lang='lat' dir='ltr'>ignama</span> <span class='ocrx_word' id='word_1_139' title='bbox 785 3210 928 3309; x_wconf 87' lang='lat' dir='ltr'>ingenio</span> <span class='ocrx_word' id='word_1_140' title='bbox 952 3223 1087 3296; x_wconf 87' lang='lat' dir='ltr'>cautus,</span> <span class='ocrx_word' id='word_1_141' title='bbox 1113 3219 1151 3284; x_wconf 91' lang='lat' dir='ltr'>et</span> <span class='ocrx_word' id='word_1_142' title='bbox 1175 3208 1288 3283; x_wconf 83' lang='lat' dir='ltr'>duleis</span> <span class='ocrx_word' id='word_1_143' title='bbox 1312 3209 1463 3306; x_wconf 90' lang='lat' dir='ltr'>eloquio,</span> <span class='ocrx_word' id='word_1_144' title='bbox 1489 3210 1563 3284; x_wconf 82' lang='lat' dir='ltr'>vita</span> <span class='ocrx_word' id='word_1_145' title='bbox 1588 3221 1625 3286; x_wconf 90' lang='lat' dir='ltr'>et</span> <span class='ocrx_word' id='word_1_146' title='bbox 1647 3213 1828 3290; x_wconf 85' lang='lat' dir='ltr'>eonversa-</span> 
     </span>
     <span class='ocr_line' id='line_1_20' title="bbox 370 3339 1906 3441; baseline 0.002 -25"><span class='ocrx_word' id='word_1_147' title='bbox 370 3343 469 3417; x_wconf 91' lang='lat' dir='ltr'>tione</span> <span class='ocrx_word' id='word_1_148' title='bbox 497 3342 709 3441; x_wconf 87' lang='lat' dir='ltr'>praeclarus,</span> <span class='ocrx_word' id='word_1_149' title='bbox 735 3367 807 3417; x_wconf 93' lang='lat' dir='ltr'>non</span> <span class='ocrx_word' id='word_1_150' title='bbox 837 3340 907 3415; x_wconf 85' lang='lat' dir='ltr'>fine</span> <span class='ocrx_word' id='word_1_151' title='bbox 934 3341 1100 3439; x_wconf 91' lang='lat' dir='ltr'>opinione</span> <span class='ocrx_word' id='word_1_152' title='bbox 1127 3339 1333 3424; x_wconf 75' lang='lat' dir='ltr'>sanctitatis,</span> <span class='ocrx_word' id='word_1_153' title='bbox 1359 3348 1462 3437; x_wconf 91' lang='lat' dir='ltr'>pater</span> <span class='ocrx_word' id='word_1_154' title='bbox 1485 3340 1681 3416; x_wconf 92' lang='lat' dir='ltr'>multorum</span> <span class='ocrx_word' id='word_1_155' title='bbox 1705 3368 1828 3420; x_wconf 88' lang='lat' dir='ltr'>mona-</span> <span class='ocrx_word' id='word_1_156' title='bbox 1904 3395 1906 3399; x_wconf 27' lang='grc' dir='ltr'><strong><em>ι</em></strong></span> 
     </span>
     <span class='ocr_line' id='line_1_21' title="bbox 370 3471 1828 3572; baseline 0.002 -23"><span class='ocrx_word' id='word_1_157' title='bbox 370 3475 519 3549; x_wconf 89' lang='lat' dir='ltr'>chorum</span> <span class='ocrx_word' id='word_1_158' title='bbox 543 3474 634 3563; x_wconf 83' lang='lat' dir='ltr'>suit3</span> <span class='ocrx_word' id='word_1_159' title='bbox 659 3476 698 3549; x_wconf 92' lang='lat' dir='ltr'>in</span> <span class='ocrx_word' id='word_1_160' title='bbox 722 3473 994 3572; x_wconf 84' lang='lat' dir='ltr'>comprobandis</span> <span class='ocrx_word' id='word_1_161' title='bbox 1018 3473 1101 3548; x_wconf 87' lang='lat' dir='ltr'>fidei</span> <span class='ocrx_word' id='word_1_162' title='bbox 1126 3471 1352 3570; x_wconf 79' lang='lat' dir='ltr'>dogrnatibus</span> <span class='ocrx_word' id='word_1_163' title='bbox 1375 3471 1513 3558; x_wconf 91' lang='lat' dir='ltr'>solidus,</span> <span class='ocrx_word' id='word_1_164' title='bbox 1539 3472 1577 3546; x_wconf 94' lang='lat' dir='ltr'>in</span> <span class='ocrx_word' id='word_1_165' title='bbox 1601 3474 1828 3554; x_wconf 79' lang='lat' dir='ltr'>discutiendis</span> 
     </span>
     <span class='ocr_line' id='line_1_22' title="bbox 372 3598 1852 3701; baseline 0.002 -19"><span class='ocrx_word' id='word_1_166' title='bbox 372 3605 638 3682; x_wconf 87' lang='lat' dir='ltr'>difficultatibus</span> <span class='ocrx_word' id='word_1_167' title='bbox 670 3606 917 3692; x_wconf 82' lang='lat' dir='ltr'>dexterrimus,</span> <span class='ocrx_word' id='word_1_168' title='bbox 947 3613 984 3679; x_wconf 90' lang='lat' dir='ltr'>et</span> <span class='ocrx_word' id='word_1_169' title='bbox 1014 3602 1237 3678; x_wconf 85' lang='lat' dir='ltr'>dilsolvendis</span> <span class='ocrx_word' id='word_1_170' title='bbox 1273 3602 1550 3701; x_wconf 77' lang='lat' dir='ltr'>disputationum</span> <span class='ocrx_word' id='word_1_171' title='bbox 1583 3598 1852 3686; x_wconf 64' lang='lat' dir='ltr'>controversie</span> 
     </span>
     <span class='ocr_line' id='line_1_23' title="bbox 370 3732 1829 3825; baseline 0.002 -12"><span class='ocrx_word' id='word_1_172' title='bbox 370 3736 617 3825; x_wconf 81' lang='lat' dir='ltr'>solertiffimus,</span> <span class='ocrx_word' id='word_1_173' title='bbox 638 3739 677 3814; x_wconf 90' lang='lat' dir='ltr'>in</span> <span class='ocrx_word' id='word_1_174' title='bbox 698 3739 853 3814; x_wconf 69' lang='lat' dir='ltr'>lestione</span> <span class='ocrx_word' id='word_1_175' title='bbox 874 3748 1036 3812; x_wconf 79' lang='lat' dir='ltr'>veterum</span> <span class='ocrx_word' id='word_1_176' title='bbox 1059 3735 1213 3810; x_wconf 95' lang='lat' dir='ltr'>multum</span> <span class='ocrx_word' id='word_1_177' title='bbox 1233 3732 1419 3808; x_wconf 63' lang='lat' dir='ltr'>veffatmss’</span> <span class='ocrx_word' id='word_1_178' title='bbox 1467 3735 1522 3810; x_wconf 94' lang='lat' dir='ltr'>De</span> <span class='ocrx_word' id='word_1_179' title='bbox 1538 3740 1829 3816; x_wconf 88' lang='lat' dir='ltr'>memorabilibus</span> 
     </span>
     <span class='ocr_line' id='line_1_24' title="bbox 372 3864 1828 3969; baseline 0.004 -26"><span class='ocrx_word' id='word_1_180' title='bbox 372 3868 589 3946; x_wconf 85' lang='lat' dir='ltr'>Palaestinae</span> <span class='ocrx_word' id='word_1_181' title='bbox 605 3894 647 3945; x_wconf 90' lang='lat' dir='ltr'>ac</span> <span class='ocrx_word' id='word_1_182' title='bbox 664 3879 886 3945; x_wconf 86' lang='lat' dir='ltr'>caeterarum</span> <span class='ocrx_word' id='word_1_183' title='bbox 902 3868 1033 3942; x_wconf 79' lang='lat' dir='ltr'>Terrae</span> <span class='ocrx_word' id='word_1_184' title='bbox 1051 3867 1205 3942; x_wconf 74' lang='lat' dir='ltr'>Santtae</span> <span class='ocrx_word' id='word_1_185' title='bbox 1224 3864 1319 3951; x_wconf 85' lang='lat' dir='ltr'>locis,</span> <span class='ocrx_word' id='word_1_186' title='bbox 1337 3890 1532 3965; x_wconf 90' lang='lat' dir='ltr'>eorumque</span> <span class='ocrx_word' id='word_1_187' title='bbox 1548 3867 1624 3956; x_wconf 85' lang='lat' dir='ltr'>fitu,</span> <span class='ocrx_word' id='word_1_188' title='bbox 1641 3871 1828 3969; x_wconf 84' lang='lat' dir='ltr'>cupienter</span> 
     </span>
    </p>
   </div>
   <div class='ocr_carea' id='block_1_6' title="bbox 372 3994 1828 4890">
    <p class='ocr_par' dir='ltr' id='par_1_7' title="bbox 372 3994 1828 4890">
     <span class='ocr_line' id='line_1_25' title="bbox 372 3994 1827 4104; baseline 0.002 -27"><span class='ocrx_word' id='word_1_189' title='bbox 372 4025 433 4077; x_wconf 85' lang='lat' dir='ltr'>eos</span> <span class='ocrx_word' id='word_1_190' title='bbox 465 4001 652 4099; x_wconf 84' lang='lat' dir='ltr'>loquentes</span> <span class='ocrx_word' id='word_1_191' title='bbox 685 3999 862 4086; x_wconf 81' lang='lat' dir='ltr'>audiebat,</span> <span class='ocrx_word' id='word_1_192' title='bbox 893 3999 954 4097; x_wconf 92' lang='lat' dir='ltr'>qui</span> <span class='ocrx_word' id='word_1_193' title='bbox 987 3997 1067 4073; x_wconf 88' lang='lat' dir='ltr'>illas</span> <span class='ocrx_word' id='word_1_194' title='bbox 1094 4007 1215 4095; x_wconf 86' lang='lat' dir='ltr'>partes</span> <span class='ocrx_word' id='word_1_195' title='bbox 1243 3994 1440 4086; x_wconf 74' lang='lat' dir='ltr'>visitassent</span> <span class='ocrx_word' id='word_1_196' title='bbox 1470 4001 1617 4077; x_wconf 88' lang='lat' dir='ltr'>eredens</span> <span class='ocrx_word' id='word_1_197' title='bbox 1643 4028 1709 4101; x_wconf 90' lang='lat' dir='ltr'>per</span> <span class='ocrx_word' id='word_1_198' title='bbox 1735 4004 1827 4104; x_wconf 90' lang='lat' dir='ltr'>ipsos</span> 
     </span>
     <span class='ocr_line' id='line_1_26' title="bbox 372 4126 1827 4233; baseline 0.003 -24"><span class='ocrx_word' id='word_1_199' title='bbox 372 4133 558 4209; x_wconf 85' lang='lat' dir='ltr'>clariorem</span> <span class='ocrx_word' id='word_1_200' title='bbox 589 4133 854 4233; x_wconf 85' lang='lat' dir='ltr'>Scriptmarum</span> <span class='ocrx_word' id='word_1_201' title='bbox 885 4128 1110 4206; x_wconf 74' lang='lat' dir='ltr'>intelledtum</span> <span class='ocrx_word' id='word_1_202' title='bbox 1145 4129 1181 4204; x_wconf 88' lang='lat' dir='ltr'>se</span> <span class='ocrx_word' id='word_1_203' title='bbox 1214 4126 1346 4227; x_wconf 88' lang='lat' dir='ltr'>affequi</span> <span class='ocrx_word' id='word_1_204' title='bbox 1382 4129 1486 4229; x_wconf 83' lang='lat' dir='ltr'>posse.</span> <span class='ocrx_word' id='word_1_205' title='bbox 1553 4134 1711 4210; x_wconf 81' lang='lat' dir='ltr'>Tandem</span> <span class='ocrx_word' id='word_1_206' title='bbox 1744 4137 1827 4213; x_wconf 88' lang='lat' dir='ltr'>casu</span> 
     </span>
     <span class='ocr_line' id='line_1_27' title="bbox 372 4257 1827 4363; baseline 0.003 -24"><span class='ocrx_word' id='word_1_207' title='bbox 372 4264 527 4363; x_wconf 90' lang='lat' dir='ltr'>quodam</span> <span class='ocrx_word' id='word_1_208' title='bbox 549 4264 621 4341; x_wconf 88' lang='lat' dir='ltr'>fine</span> <span class='ocrx_word' id='word_1_209' title='bbox 649 4273 837 4339; x_wconf 80' lang='lat' dir='ltr'>ventorum</span> <span class='ocrx_word' id='word_1_210' title='bbox 862 4261 898 4335; x_wconf 80' lang='lat' dir='ltr'>vi</span> <span class='ocrx_word' id='word_1_211' title='bbox 926 4257 1107 4360; x_wconf 85' lang='lat' dir='ltr'>contigisse</span> <span class='ocrx_word' id='word_1_212' title='bbox 1135 4258 1258 4347; x_wconf 86' lang='lat' dir='ltr'>fertur,</span> <span class='ocrx_word' id='word_1_213' title='bbox 1287 4260 1514 4361; x_wconf 86' lang='lat' dir='ltr'>Arnulphum</span> <span class='ocrx_word' id='word_1_214' title='bbox 1540 4266 1717 4363; x_wconf 88' lang='lat' dir='ltr'>quendam</span> <span class='ocrx_word' id='word_1_215' title='bbox 1742 4268 1827 4345; x_wconf 86' lang='lat' dir='ltr'>Gal·</span> 
     </span>
     <span class='ocr_line' id='line_1_28' title="bbox 373 4391 1825 4497; baseline 0.003 -26"><span class='ocrx_word' id='word_1_216' title='bbox 373 4394 502 4470; x_wconf 92' lang='lat' dir='ltr'>liarum</span> <span class='ocrx_word' id='word_1_217' title='bbox 531 4396 741 4495; x_wconf 89' lang='lat' dir='ltr'>episcopum,</span> <span class='ocrx_word' id='word_1_218' title='bbox 776 4394 838 4492; x_wconf 91' lang='lat' dir='ltr'>qui</span> <span class='ocrx_word' id='word_1_219' title='bbox 874 4391 1119 4491; x_wconf 86' lang='lat' dir='ltr'>Hierosolyma</span> <span class='ocrx_word' id='word_1_220' title='bbox 1151 4402 1307 4478; x_wconf 77' lang='lat' dir='ltr'>venerat</span> <span class='ocrx_word' id='word_1_221' title='bbox 1346 4391 1431 4467; x_wconf 89' lang='lat' dir='ltr'>illuc</span> <span class='ocrx_word' id='word_1_222' title='bbox 1470 4395 1612 4494; x_wconf 83' lang='lat' dir='ltr'>navigio</span> <span class='ocrx_word' id='word_1_223' title='bbox 1644 4397 1825 4497; x_wconf 83' lang='lat' dir='ltr'>appulisse,</span> 
     </span>
     <span class='ocr_line' id='line_1_29' title="bbox 375 4521 1826 4628; baseline 0.002 -25"><span class='ocrx_word' id='word_1_224' title='bbox 375 4536 412 4603; x_wconf 88' lang='lat' dir='ltr'>et</span> <span class='ocrx_word' id='word_1_225' title='bbox 445 4527 490 4601; x_wconf 89' lang='lat' dir='ltr'>de</span> <span class='ocrx_word' id='word_1_226' title='bbox 523 4527 687 4603; x_wconf 91' lang='lat' dir='ltr'>omnibus</span> <span class='ocrx_word' id='word_1_227' title='bbox 712 4526 815 4613; x_wconf 83' lang='lat' dir='ltr'>hisce,</span> <span class='ocrx_word' id='word_1_228' title='bbox 849 4536 891 4600; x_wconf 90' lang='lat' dir='ltr'>ut</span> <span class='ocrx_word' id='word_1_229' title='bbox 923 4521 1194 4622; x_wconf 85' lang='lat' dir='ltr'>historiographi</span> <span class='ocrx_word' id='word_1_230' title='bbox 1234 4522 1403 4611; x_wconf 75' lang='lat' dir='ltr'>reserrmt</span> <span class='ocrx_word' id='word_1_231' title='bbox 1438 4526 1687 4603; x_wconf 86' lang='lat' dir='ltr'>Adamannum</span> <span class='ocrx_word' id='word_1_232' title='bbox 1719 4531 1826 4628; x_wconf 88' lang='lat' dir='ltr'>plene</span> 
     </span>
     <span class='ocr_line' id='line_1_30' title="bbox 373 4653 1826 4757; baseline 0.005 -25"><span class='ocrx_word' id='word_1_233' title='bbox 373 4653 556 4732; x_wconf 81' lang='lat' dir='ltr'>edoetrilse.</span> <span class='ocrx_word' id='word_1_234' title='bbox 624 4658 668 4734; x_wconf 93' lang='lat' dir='ltr'>In</span> <span class='ocrx_word' id='word_1_235' title='bbox 695 4667 837 4733; x_wconf 91' lang='lat' dir='ltr'>tantum</span> <span class='ocrx_word' id='word_1_236' title='bbox 866 4655 975 4729; x_wconf 90' lang='lat' dir='ltr'>etiam</span> <span class='ocrx_word' id='word_1_237' title='bbox 1004 4653 1205 4728; x_wconf 87' lang='lat' dir='ltr'>caelestium</span> <span class='ocrx_word' id='word_1_238' title='bbox 1230 4679 1352 4728; x_wconf 87' lang='lat' dir='ltr'>rerum</span> <span class='ocrx_word' id='word_1_239' title='bbox 1384 4660 1674 4757; x_wconf 88' lang='lat' dir='ltr'>contemplationi</span> <span class='ocrx_word' id='word_1_240' title='bbox 1700 4662 1736 4737; x_wconf 92' lang='lat' dir='ltr'>se</span> <span class='ocrx_word' id='word_1_241' title='bbox 1765 4664 1826 4738; x_wconf 76' lang='lat' dir='ltr'>de</span> 
     </span>
     <span class='ocr_line' id='line_1_31' title="bbox 374 4784 1828 4890; baseline 0.006 -28"><span class='ocrx_word' id='word_1_242' title='bbox 374 4784 473 4873; x_wconf 87' lang='lat' dir='ltr'>didit,</span> <span class='ocrx_word' id='word_1_243' title='bbox 496 4797 538 4862; x_wconf 92' lang='lat' dir='ltr'>ut</span> <span class='ocrx_word' id='word_1_244' title='bbox 566 4812 653 4890; x_wconf 85' lang='lat' dir='ltr'>prae</span> <span class='ocrx_word' id='word_1_245' title='bbox 679 4787 818 4865; x_wconf 86' lang='lat' dir='ltr'>excelsu</span> <span class='ocrx_word' id='word_1_246' title='bbox 842 4784 1089 4863; x_wconf 87' lang='lat' dir='ltr'>consolationis</span> <span class='ocrx_word' id='word_1_247' title='bbox 1116 4784 1317 4882; x_wconf 80' lang='lat' dir='ltr'>spiritualis,</span> <span class='ocrx_word' id='word_1_248' title='bbox 1346 4799 1466 4864; x_wconf 88' lang='lat' dir='ltr'>mente</span> <span class='ocrx_word' id='word_1_249' title='bbox 1493 4792 1632 4867; x_wconf 88' lang='lat' dir='ltr'>eoelum</span> <span class='ocrx_word' id='word_1_250' title='bbox 1662 4795 1828 4871; x_wconf 86' lang='lat' dir='ltr'>conscen-</span> 
     </span>
    </p>
   </div>
   <div class='ocr_carea' id='block_1_7' title="bbox 0 0 2240 5958">
    <p class='ocr_par' dir='ltr' id='par_1_8' title="bbox 0 0 2240 5958">
     <span class='ocr_line' id='line_1_32' title="bbox 0 0 2240 5958; baseline 0 0"><span class='ocrx_word' id='word_1_251' title='bbox 0 0 2240 5958; x_wconf 95' lang='lat' dir='ltr'> </span> 
     </span>
    </p>
   </div>
  </div>
 </body>
</html>
