4448 5964
640 584 643 591 .
766 516 831 583 DE
869 516 1213 587 SCRIPTORIBUS
1250 517 1418 584 SOO'I'lS.

851 867 917 942 DE
942 867 1094 942 GEDA
1119 867 1343 943 ALBANIO.

373 1100 519 1173 Grnnas
545 1098 752 1185 bananica,
779 1097 972 1185 historicus,
996 1097 1143 1173 Patricii
1173 1099 1415 1174 Hibernorum
1441 1100 1599 1198 Apostoli
1627 1098 1830 1199 discipulus,

283 1213 295 1230 ’
373 1255 418 1304 ex
438 1229 592 1305 Albania
614 1229 755 1308 Scotiae
777 1230 959 1329 provincia
978 1229 1157 1317 oriundus,
1181 1254 1227 1304 ex
1247 1231 1347 1330 regio
1367 1231 1477 1306 etiam
1498 1232 1681 1306 stemmate
1702 1231 1829 1316 claram,

373 1361 562 1461 disciplinis
594 1363 799 1438 liberalibus
836 1364 1023 1437 affluenter
1060 1362 1253 1439 instrudtus
1288 1363 1383 1440 inter
1420 1366 1613 1440 monachos
1645 1365 1683 1439 in
1717 1361 1832 1438 insula

374 1496 418 1568 de
451 1495 639 1582 Columkil
673 1494 735 1570 ubi
767 1505 855 1570 tunc
887 1495 986 1594 regin
1019 1492 1117 1569 sedes
1156 1496 1344 1572 Scotorum
1376 1499 1525 1586 hierat;
1566 1499 1622 1572 vir
1654 1499 1832 1573 bonarum

373 1625 558 1700 literarum
587 1627 720 1701 summe
747 1626 905 1725 cupidus,
939 1636 977 1701 et
1010 1625 1072 1725 qui
1104 1626 1142 1700 in
1175 1628 1296 1705 studiis
1328 1655 1401 1705 non
1434 1630 1712 1705 contemnendos
1744 1629 1830 1706 fecit

373 1757 579 1857 progressus
601 1758 660 1833 sed
682 1759 720 1833 in
743 1759 876 1858 pietate
898 1759 1013 1834 multo
1034 1755 1211 1858 majores3
1247 1763 1444 1838 laudandus
1464 1763 1574 1838 etiam
1604 1765 1650 1838 ob
1679 1763 1832 1838 virtutes

374 1888 573 1988 singulares
600 1890 695 1964 vitae
716 1888 985 1989 fimplicitatem‚
1010 1913 1151 1963 morum
1173 1895 1363 1970 candorem
1385 1904 1423 1970 et
1444 1893 1697 1994 integritatem.
1749 1892 1833 1969 Pon

374 2021 510 2118 patriae
536 2022 699 2109 scholam,
724 2022 771 2097 ad
792 2021 889 2120 spem
913 2021 1088 2096 uberioris
1109 2022 1301 2111 doetrinae,
1325 2024 1441 2099 adhuc
1463 2022 1665 2098 adolescens
1686 2023 1724 2097 in
1747 2022 1832 2099 Gal·

375 2153 459 2226 liam
493 2153 746 2240 transfretavit,
779 2178 845 2228 neo
878 2152 1001 2227 multis
1033 2155 1109 2252 post
1145 2157 1342 2256 interjebtis
1379 2156 1491 2242 annis,
1524 2155 1563 2230 in
1596 2154 1750 2254 patriam
1783 2155 1833 2230 est

374 2285 543 2372 reversus,
567 2311 610 2360 eo
636 2286 780 2384 negotio
803 2285 978 2384 expedito,
1006 2286 1061 2359 vir
1087 2287 1265 2385 apostolici
1289 2285 1432 2372 ordinis,
1456 2285 1613 2362 maximo
1638 2309 1721 2360 cum
1745 2286 1833 2361 bon·

376 2440 478 2489 orum
501 2417 641 2516 gaudio,
667 2428 705 2492 et
729 2415 1031 2494 selestillimorum
1056 2418 1229 2494 librorum
1255 2418 1483 2518 supellestile.
1535 2419 1669 2493 Tantae
1695 2415 1830 2493 scilicet

376 2549 584 2623 eruditionis
612 2560 649 2624 et
680 2549 823 2625 virtutis
851 2549 928 2636 suit,
958 2573 1040 2624 cum
1069 2551 1108 2624 in
1137 2550 1271 2637 Galliis,
1300 2560 1380 2625 tum
1408 2550 1446 2625 in
1475 2548 1601 2649 patria,
1630 2558 1672 2622 ιιι
1700 2572 1833 2625 nomen

375 2680 554 2777 apostolici
591 2682 724 2757 ordinis
765 2683 915 2781 adeptus
957 2681 1009 2768 fit,
1048 2682 1143 2758 unde
1182 2683 1228 2757 ad
1261 2682 1364 2758 illum
1402 2693 1576 2779 tanquam
1611 2680 1658 2757 ad
1699 2705 1834 2757 novum

375 2813 569 2911 apostolum
602 2840 648 2890 ex
681 2816 845 2891 omnibus
884 2814 1091 2889 Britanniae
1130 2814 1327 2891 confinibus
1364 2815 1600 2900 confluebant
1634 2822 1677 2887 ut
1709 2813 1756 2887 ab
1789 2835 1835 2886 eo

374 2969 515 3020 morum
543 2948 755 3046 gravitatem
785 2958 824 3023 et
851 2946 1032 3046 religionis
1060 2946 1305 3034 sinceritatem,
1336 2945 1437 3021 simul
1466 2970 1548 3021 cum
1577 2945 1680 3021 bonis
1708 2945 1831 3029 literis,

375 3074 620 3154 addiscerent:
655 3092 733 3155 erat
766 3080 899 3155 etenim
934 3104 1007 3154 non
1041 3080 1153 3154 solum
1186 3078 1429 3179 philosophiae
1464 3078 1694 3177 omniumque
1727 3078 1835 3153 liber·

375 3209 485 3283 alium
518 3211 650 3285 artium
683 3211 918 3311 peritiffimus,
960 3235 1085 3285 verum
1121 3211 1230 3285 etiam
1263 3209 1301 3283 in
1339 3210 1463 3285 Veteri
1501 3209 1673 3308 Novoque
1719 3208 1836 3284 Testa·

375 3353 497 3417 mento
523 3341 781 3419 versatishmus.
832 3342 1042 3417 Eruditione
1064 3341 1126 3417 sua
1155 3342 1288 3441 optime
1316 3341 1398 3416 usus
1426 3341 1502 3428 eit3
1535 3340 1625 3433 nulli
1651 3339 1834 3415 scientiam

376 3472 474 3549 suam
517 3476 688 3563 invidens,
727 3478 859 3552 multos
902 3474 1091 3574 diligenter
1131 3472 1252 3549 docuit
1297 3498 1388 3574 quae
1437 3471 1609 3548 laboriose
1650 3472 1833 3548 didicerat.

376 3606 497 3682 Eremi
526 3607 683 3686 solitaria
712 3612 907 3710 quaerebat
934 3609 1021 3694 loca,
1053 3607 1090 3681 in
1120 3605 1340 3681 orationibus
1367 3615 1476 3703 atque
1497 3603 1642 3703 jejuniis
1670 3600 1834 3689 allidens,

376 3739 505 3837 vigiliis
526 3753 562 3816 et
585 3741 708 3817 ciliciis
732 3741 891 3840 quotidie
909 3742 1112 3816 macerabat
1134 3736 1179 3812 se.
1220 3735 1357 3835 Spiritu
1379 3735 1489 3810 etiam
1514 3734 1724 3832 prophetico
1743 3734 1835 3810 mul-

376 3881 432 3946 tas
457 3874 635 3970 praedixit
664 3874 807 3950 cladesz
838 3870 1064 3973 praemonuit
1092 3880 1135 3945 ut
1163 3867 1315 3968 populus
1344 3878 1381 3942 et
1410 3868 1526 3942 clerus
1554 3866 1666 3941 totius
1692 3866 1836 3943 Britan·

377 4005 466 4092 niae,
500 4005 527 4078 fi
560 4006 873 4107 superarenturam
901 4005 1038 4081 cladem
1066 4005 1221 4100 effugere
1254 3999 1375 4085 velint,
1410 4023 1518 4098 quam
1552 3996 1712 4073 citiflimo
1744 3999 1835 4074 reoi-

376 4134 572 4232 pisoerent:
598 4141 694 4239 quod
721 4139 783 4213 suo
807 4148 968 4236 tempore
998 4144 1145 4236 propter
1172 4143 1416 4231 contemptum
1441 4131 1541 4207 verbi
1565 4130 1676 4207 divim
1703 4131 1833 4208 evenit

376 4265 486 4342 Varia
509 4281 593 4345 ante
616 4270 710 4343 vitae
733 4270 841 4343 finem
866 4267 1007 4366 scripsit,
1030 4291 1121 4365 quae
1149 4289 1195 4340 ex
1220 4263 1409 4339 nostorum
1428 4262 1586 4338 virorum
1608 4262 1833 4339 bibliothecis

376 4397 527 4475 ooneaa
545 4401 701 4487 fuerunt,
718 4425 764 4476 ex
786 4400 915 4500 quibus
934 4398 1105 4473 nonnulla
1123 4396 1226 4471 MSS.
1242 4395 1373 4472 servari
1396 4396 1564 4472 dicuntur
1582 4394 1834 4493 cantabrigiae

375 4529 413 4603 in
429 4531 572 4629 publica
587 4532 789 4609 academiae
805 4531 1030 4609 bibliotheca
1082 4528 1244 4627 Utroque
1260 4527 1435 4604 scribendi
1451 4552 1582 4628 genere
1599 4526 1796 4610 contexuit,

523 4665 800 4742 concordantias
815 4665 853 4738 in
870 4672 1025 4763 quatuor
1040 4660 1243 4760 Evangelia,
1260 4659 1320 4736 lib.
1338 4681 1392 4734 ιιι.

523 4797 579 4875 De
595 4794 720 4898 primis
735 4794 865 4873 Incolis
880 4793 1029 4883 Insulae,
1046 4792 1107 4867 lib.
1125 4813 1151 4867 1.
