4470 5962
92 4718 264 4863 '‘diust-¹..

24 5398 163 5611 ,Ὗ

443 472 507 535 102
847 472 912 538 DE
945 472 1289 540 SCRIPTORIBUS
1323 472 1492 540 SGOTIS.

443 680 508 754 per
536 656 714 758 episcopos
740 657 1018 735 wintoniensem
1047 671 1085 735 et
1114 659 1379 747 londinensem,
1406 684 1489 737 cum
1519 659 1604 736 fidei
1632 657 1714 735 suae
1743 660 1909 747 ratione„

443 786 581 864 secono
605 788 741 878 Quinto
765 788 804 864 in
821 789 941 866 Scotia
956 800 1137 889 regnante.

870 1084 937 1159 DE
961 1083 1150 1160 DAVIDE
1173 1084 1472 1162 cArsPBELLo,

448 1313 580 1387 Davrn
617 1313 926 1401 commeamus,
965 1314 1137 1413 praeclari
1169 1314 1311 1414 generis
1349 1314 1486 1401 Scottis
1523 1338 1570 1390 ex
1607 1312 1900 1391 nobiliffimorum

447 1444 623 1542 Argadina
670 1444 842 1521 comitum
886 1445 1087 1543 pervetusta
1136 1445 1272 1522 familia
1321 1456 1431 1534 ortus,
1485 1443 1683 1522 Parisienfie
1734 1443 1900 1524 ecclesiae

448 1573 621 1650 Decanm
682 1574 751 1651 llic
778 1577 815 1651 in
838 1575 990 1675 juvenili
1017 1585 1136 1652 aetate
1161 1575 1296 1654 scholae
1323 1576 1484 1676 publicas
1508 1575 1736 1675 irequenm
1761 1577 1902 1676 coepit;

447 1705 566 1803 postea
593 1731 616 1782 a
647 1708 854 1806 parentibus
880 1710 927 1784 ad
955 1708 1295 1807 Andreapolitanam
1327 1705 1558 1784 Academiam
1586 1704 1717 1794 missus,
1750 1706 1903 1807 pbiloso-

447 1836 569 1937 pbiam
594 1849 634 1915 et
659 1850 756 1916 artes
784 1840 948 1916 liberales
972 1839 1125 1917 feliciter
1151 1838 1341 1916 inchoavit.
1403 1839 1558 1914 Domum
1586 1837 1772 1914 excolendi
1800 1861 1903 1915 men·

447 1980 523 2045 tem
548 1969 651 2046 bonis
674 1968 795 2046 studiis
818 1967 1065 2069 cupidiisrmus,
1087 1969 1217 2047 relicta
1240 1969 1304 2046 sua
1325 1968 1453 2069 patria,
1476 1966 1736 2045 dorentiffimae
1762 1968 1903 2047 daniae

448 2098 690 2176 aaronem
708 2097 979 2199 saraam:
1011 2054 1253 2177 rn⁰raas0nn
1275 2111 1398 2176 suam
1414 2100 1608 2176 sacena
1623 2099 1678 2176 ia
1696 2100 1743 2176 aa
1762 2100 1904 2178 nam

449 2229 606 2307 visoria
637 2231 732 2308 inter
763 2230 1022 2307 commilitones
1059 2231 1139 2308 suos
1171 2230 1326 2319 emicuit,
1359 2240 1401 2308 ut
1433 2231 1473 2307 in
1505 2255 1637 2334 magna
1668 2231 1775 2308 lande
1806 2234 1904 2333 apud

450 2358 692 2438 ecclesiasticos
719 2360 927 2438 Parisienses
946 2362 1150 2451 hebetetur,
1178 2363 1217 2438 in
1242 2362 1439 2462 eademque
1462 2363 1645 2440 academia
1668 2364 1715 2440 ad
1741 2363 1906 2442 &eone

448 2505 528 2569 turn
559 2491 602 2569 fit
633 2495 779 2570 evectus
819 2492 962 2592 publico
999 2493 1159 2575 omnium
1190 2491 1364 2595 suffiagio.
1434 2494 1580 2595 Opibus,
1622 2495 1828 2584 bonoribus,
1866 2508 1906 2572 et

451 2623 639 2701 dostorum
667 2623 827 2701 omnium
855 2624 1012 2702 amicitia
1038 2626 1180 2702 abunde
1207 2625 1466 2703 cumrdabstur.
1533 2626 1673 2705 Deinde
1704 2628 1822 2705 sactus
1855 2628 1906 2705 est

451 2756 559 2832 etiam
598 2755 760 2833 ecelefiae
799 2757 956 2834 Hustacii
1002 2757 1192 2858 presbyter.
1250 2757 1316 2833 Vir
1350 2757 1512 2835 eruditus
1547 2769 1586 2837 et
1622 2758 1783 2848 disemus,
1823 2760 1906 2861 pius

451 2888 568 2974 etiam,
598 2897 636 2964 et
664 2886 805 2964 divinae
832 2888 967 2988 gloriae
991 2887 1132 2965 fervens
1159 2890 1263 2978 aelo;
1291 2889 1520 2966 concionator
1544 2889 1699 2990 deniqne
1724 2890 1789 2967 suo
1814 2901 1907 2969 tem·

451 3042 537 3116 pore
579 3043 652 3094 non
697 3019 893 3107 incelebris,
939 3018 996 3094 vir
1037 3018 1147 3118 lepidi
1187 3029 1226 3097 et
1267 3020 1441 3121 elegantis
1483 3021 1629 3121 ingenii.
1697 3022 1907 3100 Politiorem

451 3149 674 3225 literaturam
706 3149 857 3225 feliciter
889 3148 1023 3236 didicit,
1058 3159 1096 3226 et
1124 3160 1328 3228 accuratam
1360 3150 1478 3227 latini
1510 3151 1681 3229 sermonis
1713 3153 1906 3241 scientiam,

451 3280 641 3357 accedente
673 3280 720 3356 ad
751 3279 1068 3379 promptitudinem
1104 3282 1304 3358 naturalem
1341 3283 1463 3360 labore
1496 3293 1534 3361 et
1566 3284 1746 3373 industria
1786 3286 1906 3362 conse-

452 3422 557 3488 cutus
576 3411 635 3499 est,
657 3411 711 3488 rei
738 3411 917 3488 literar-iae
939 3412 1055 3488 cultor
1076 3411 1334 3503 mactiffimum
1358 3438 1465 3515 quem
1490 3428 1625 3514 quanto
1646 3417 1906 3494 excellentiori·

453 3547 519 3620 bus
542 3554 580 3620 et
605 3543 896 3620 eminentioribus
915 3543 1060 3620 fortuna
1085 3544 1316 3645 dignitatibus
1338 3546 1467 3633 evexit,
1493 3556 1596 3623 tanto
1621 3558 1750 3625 natura
1774 3548 1904 3627 nobili-

452 3677 574 3754 oribus
599 3677 779 3752 decoravit
806 3676 917 3752 animi
945 3675 1097 3753 dotibus
1147 3675 1218 3751 llic
1240 3701 1369 3776 nempe
1392 3680 1524 3755 consta
1551 3677 1662 3756 etiam
1691 3680 1908 3781 dignitatum

454 3805 639 3885 clarissima
670 3807 806 3908 fastigia
846 3807 920 3884 otio
960 3807 1119 3884 literario
1155 3818 1193 3883 et
1222 3832 1345 3886 rernm
1381 3807 1562 3910 exquisitis
1598 3810 1737 3889 naturis
1770 3811 1910 3913 semper

453 3938 652 4040 postposuit.
704 3942 749 4014 In
781 3939 910 4014 divinis
943 3939 1135 4039 scripturis
1169 3938 1338 4027 eruditus,
1372 3951 1410 4016 et
1441 3951 1518 4017 tam
1553 3942 1592 4016 in
1620 3943 1704 4041 jure
1738 3943 1911 4020 canonico

455 4094 562 4172 quom
597 4069 635 4145 in
663 4069 883 4170 philosophia
910 4069 1110 4146 scholastica
1142 4069 1310 4147 nobiliter
1341 4070 1478 4159 dodtue,
1511 4072 1655 4172 ingenio
1687 4073 1833 4162 subtilis,
1871 4085 1911 4151 et

455 4201 571 4276 clarus
612 4199 763 4298 eloquio,
806 4199 844 4274 in
885 4198 1123 4276 declamandis
1162 4199 1381 4278 sermonibus
1411 4201 1458 4277 ad
1490 4204 1661 4302 populum
1701 4202 1832 4281 doctus
1873 4215 1912 4281 et

454 4332 634 4418 facundus.
677 4333 752 4406 vita
796 4340 833 4407 et
880 4329 1143 4407 conversatione
1182 4331 1333 4431 insignis,
1374 4333 1624 4432 superstitiosos
1665 4336 1768 4411 deme
1806 4335 1909 4412 ritus

456 4461 579 4537 Edidit
603 4486 754 4561 magnae
784 4460 982 4538 devotionis
1007 4471 1046 4536 et
1071 4460 1267 4559 profundae
1292 4463 1502 4540 eruditionis
1529 4465 1696 4564 opuscula
1724 4467 1910 4565 quaedam,

455 4594 585 4692 quibus
613 4616 745 4670 nomen
777 4594 881 4671 suum
909 4591 1057 4692 posteris
1089 4593 1312 4683 notificarit3
1340 4618 1361 4671 e
1391 4595 1521 4696 quibus
1551 4596 1711 4696 subjecta
1736 4597 1910 4674 seruntru.

459 4723 516 4800 lix
531 4723 697 4802 desumo.
